<?xml version='1.0' encoding='UTF-8'?><Document xmlns="urn:iso:std:iso:20022:tech:xsd:camt.053.001.06"><BkToCstmrStmt><GrpHdr><MsgId>camt.053-2021-01-31-1</MsgId><CreDtTm>2021-12-25T13:00:56.510+01:00</CreDtTm><MsgRcpt><Nm>Kawecki Jakub Krzysztof</Nm><PstlAdr><StrtNm>Na Hutích</StrtNm><BldgNb>582/3</BldgNb><PstCd>16000</PstCd><TwnNm>Praha</TwnNm><Ctry>CZ</Ctry></PstlAdr></MsgRcpt></GrpHdr><Stmt><Id>CZ7461000000001029848317-2021-01-31</Id><ElctrncSeqNb>1</ElctrncSeqNb><LglSeqNb>1</LglSeqNb><CreDtTm>2021-01-31T00:00:00.000+01:00</CreDtTm><FrToDt><FrDtTm>2021-01-01T00:00:00.000+01:00</FrDtTm><ToDtTm>2021-01-31T00:00:00.000+01:00</ToDtTm></FrToDt><Acct><Id><IBAN>CZ7461000000001029848317</IBAN></Id><Ccy>CZK</Ccy><Ownr><Nm>Kawecki Jakub Krzysztof</Nm><PstlAdr><StrtNm>Na Hutích</StrtNm><BldgNb>582/3</BldgNb><PstCd>16000</PstCd><TwnNm>Praha</TwnNm><Ctry>CZ</Ctry></PstlAdr></Ownr><Svcr><FinInstnId><BICFI>EQBKCZPP</BICFI><Nm>Equa bank a.s.</Nm><Othr><Id>6100</Id></Othr></FinInstnId></Svcr></Acct><Bal><Tp><CdOrPrtry><Cd>PRCD</Cd></CdOrPrtry></Tp><Amt Ccy="CZK">317601.89</Amt><CdtDbtInd>CRDT</CdtDbtInd><Dt><Dt>2021-01-01+01:00</Dt></Dt></Bal><Bal><Tp><CdOrPrtry><Cd>CLBD</Cd></CdOrPrtry></Tp><Amt Ccy="CZK">369563.71</Amt><CdtDbtInd>CRDT</CdtDbtInd><Dt><Dt>2021-01-31+01:00</Dt></Dt></Bal><TxsSummry><TtlNtries><NbOfNtries>34</NbOfNtries><Sum>51961.82</Sum><TtlNetNtry><Amt>51961.82</Amt><CdtDbtInd>DBIT</CdtDbtInd></TtlNetNtry></TtlNtries><TtlCdtNtries><NbOfNtries>3</NbOfNtries><Sum>80787.16</Sum></TtlCdtNtries><TtlDbtNtries><NbOfNtries>31</NbOfNtries><Sum>-28825.34</Sum></TtlDbtNtries></TxsSummry><Ntry><Amt Ccy="CZK">2000</Amt><CdtDbtInd>DBIT</CdtDbtInd><Sts>BOOK</Sts><BookgDt><Dt>2021-01-01+01:00</Dt></BookgDt><ValDt><Dt>2021-01-01+01:00</Dt></ValDt><BkTxCd><Prtry><Cd>555</Cd></Prtry></BkTxCd><NtryDtls><TxDtls><Refs><ChqNb>************6579</ChqNb></Refs><Amt Ccy="CZK">2000</Amt><CdtDbtInd>DBIT</CdtDbtInd><RltdPties><Cdtr><Nm>Revolut- - 5966</Nm><PstlAdr><TwnNm>GBR</TwnNm></PstlAdr></Cdtr></RltdPties></TxDtls></NtryDtls></Ntry><Ntry><Amt Ccy="CZK">1385.94</Amt><CdtDbtInd>DBIT</CdtDbtInd><Sts>BOOK</Sts><BookgDt><Dt>2021-01-04+01:00</Dt></BookgDt><ValDt><Dt>2021-01-04+01:00</Dt></ValDt><BkTxCd><Prtry><Cd>555</Cd></Prtry></BkTxCd><NtryDtls><TxDtls><Refs><ChqNb>************6579</ChqNb></Refs><Amt Ccy="CZK">1385.94</Amt><CdtDbtInd>DBIT</CdtDbtInd><RltdPties><Cdtr><Nm>LIDL DEKUJE ZA NAKUP</Nm><PstlAdr><TwnNm>PRAHA</TwnNm></PstlAdr></Cdtr></RltdPties></TxDtls></NtryDtls></Ntry><Ntry><Amt Ccy="CZK">169.7</Amt><CdtDbtInd>DBIT</CdtDbtInd><Sts>BOOK</Sts><BookgDt><Dt>2021-01-04+01:00</Dt></BookgDt><ValDt><Dt>2021-01-04+01:00</Dt></ValDt><BkTxCd><Prtry><Cd>555</Cd></Prtry></BkTxCd><NtryDtls><TxDtls><Refs><ChqNb>************6579</ChqNb></Refs><Amt Ccy="CZK">169.7</Amt><CdtDbtInd>DBIT</CdtDbtInd><RltdPties><Cdtr><Nm>LIDL DEKUJE ZA NAKUP</Nm><PstlAdr><TwnNm>PRAHA</TwnNm></PstlAdr></Cdtr></RltdPties></TxDtls></NtryDtls></Ntry><Ntry><Amt Ccy="CZK">515</Amt><CdtDbtInd>DBIT</CdtDbtInd><Sts>BOOK</Sts><BookgDt><Dt>2021-01-04+01:00</Dt></BookgDt><ValDt><Dt>2021-01-04+01:00</Dt></ValDt><BkTxCd><Prtry><Cd>555</Cd></Prtry></BkTxCd><NtryDtls><TxDtls><Refs><ChqNb>************6579</ChqNb></Refs><Amt Ccy="CZK">515</Amt><CdtDbtInd>DBIT</CdtDbtInd><RltdPties><Cdtr><Nm>THAI SPICE</Nm><PstlAdr><TwnNm>PRAHA 3</TwnNm></PstlAdr></Cdtr></RltdPties></TxDtls></NtryDtls></Ntry><Ntry><Amt Ccy="CZK">169.7</Amt><CdtDbtInd>DBIT</CdtDbtInd><Sts>BOOK</Sts><BookgDt><Dt>2021-01-05+01:00</Dt></BookgDt><ValDt><Dt>2021-01-05+01:00</Dt></ValDt><BkTxCd><Prtry><Cd>555</Cd></Prtry></BkTxCd><NtryDtls><TxDtls><Refs><ChqNb>************6579</ChqNb></Refs><Amt Ccy="CZK">169.7</Amt><CdtDbtInd>DBIT</CdtDbtInd><RltdPties><Cdtr><Nm>LIDL DEKUJE ZA NAKUP</Nm><PstlAdr><TwnNm>PRAHA</TwnNm></PstlAdr></Cdtr></RltdPties></TxDtls></NtryDtls></Ntry><Ntry><Amt Ccy="CZK">11.9</Amt><CdtDbtInd>DBIT</CdtDbtInd><Sts>BOOK</Sts><BookgDt><Dt>2021-01-05+01:00</Dt></BookgDt><ValDt><Dt>2021-01-05+01:00</Dt></ValDt><BkTxCd><Prtry><Cd>555</Cd></Prtry></BkTxCd><NtryDtls><TxDtls><Refs><ChqNb>************6579</ChqNb></Refs><Amt Ccy="CZK">11.9</Amt><CdtDbtInd>DBIT</CdtDbtInd><RltdPties><Cdtr><Nm>ALBERT VAM DEKUJE</Nm><PstlAdr><TwnNm>PRAHA 3</TwnNm></PstlAdr></Cdtr></RltdPties></TxDtls></NtryDtls></Ntry><Ntry><Amt Ccy="CZK">30163</Amt><CdtDbtInd>CRDT</CdtDbtInd><Sts>BOOK</Sts><BookgDt><Dt>2021-01-06+01:00</Dt></BookgDt><ValDt><Dt>2021-01-06+01:00</Dt></ValDt><BkTxCd><Prtry><Cd>550</Cd></Prtry></BkTxCd><NtryDtls><TxDtls><Refs><InstrId>KS0000000138</InstrId><EndToEndId>VS0009991220</EndToEndId></Refs><Amt Ccy="CZK">30163</Amt><CdtDbtInd>CRDT</CdtDbtInd><RltdPties><DbtrAcct><Id><Othr><Id>2111709855</Id></Othr></Id><Nm>ANHEUSER-BUSCH INBEV</Nm></DbtrAcct></RltdPties><RltdAgts><DbtrAgt><FinInstnId><Nm>UniCredit Bank Czech Republic and Slovakia, a.s.</Nm><Othr><Id>2700</Id></Othr></FinInstnId></DbtrAgt></RltdAgts><RmtInf><Ustrd>IO004CZ00013XPY 2822811CZ5385295ITKOWIAK KLAUDIAVS9991220 KS01389991220</Ustrd></RmtInf></TxDtls></NtryDtls></Ntry><Ntry><Amt Ccy="CZK">50621</Amt><CdtDbtInd>CRDT</CdtDbtInd><Sts>BOOK</Sts><BookgDt><Dt>2021-01-07+01:00</Dt></BookgDt><ValDt><Dt>2021-01-07+01:00</Dt></ValDt><BkTxCd><Prtry><Cd>550</Cd></Prtry></BkTxCd><NtryDtls><TxDtls><Refs><InstrId>KS0000000138</InstrId><EndToEndId>VS0000000009</EndToEndId></Refs><Amt Ccy="CZK">50621</Amt><CdtDbtInd>CRDT</CdtDbtInd><RltdPties><DbtrAcct><Id><Othr><Id>1013384327</Id></Othr></Id><Nm>Siemens, s.r.o.</Nm></DbtrAcct></RltdPties><RltdAgts><DbtrAgt><FinInstnId><Nm>UniCredit Bank Czech Republic and Slovakia, a.s.</Nm><Othr><Id>2700</Id></Othr></FinInstnId></DbtrAgt></RltdAgts><RmtInf><Ustrd>5148 0</Ustrd></RmtInf></TxDtls></NtryDtls></Ntry><Ntry><Amt Ccy="CZK">239</Amt><CdtDbtInd>DBIT</CdtDbtInd><Sts>BOOK</Sts><BookgDt><Dt>2021-01-09+01:00</Dt></BookgDt><ValDt><Dt>2021-01-09+01:00</Dt></ValDt><BkTxCd><Prtry><Cd>555</Cd></Prtry></BkTxCd><NtryDtls><TxDtls><Refs><ChqNb>************6579</ChqNb></Refs><Amt Ccy="CZK">239</Amt><CdtDbtInd>DBIT</CdtDbtInd><RltdPties><Cdtr><Nm>CZC</Nm><PstlAdr><TwnNm>PRIBRAM V-ZDA</TwnNm></PstlAdr></Cdtr></RltdPties></TxDtls></NtryDtls></Ntry><Ntry><Amt Ccy="CZK">342.4</Amt><CdtDbtInd>DBIT</CdtDbtInd><Sts>BOOK</Sts><BookgDt><Dt>2021-01-11+01:00</Dt></BookgDt><ValDt><Dt>2021-01-11+01:00</Dt></ValDt><BkTxCd><Prtry><Cd>555</Cd></Prtry></BkTxCd><NtryDtls><TxDtls><Refs><ChqNb>************6579</ChqNb></Refs><Amt Ccy="CZK">342.4</Amt><CdtDbtInd>DBIT</CdtDbtInd><RltdPties><Cdtr><Nm>LIDL DEKUJE ZA NAKUP</Nm><PstlAdr><TwnNm>PRAHA</TwnNm></PstlAdr></Cdtr></RltdPties></TxDtls></NtryDtls></Ntry><Ntry><Amt Ccy="CZK">54</Amt><CdtDbtInd>DBIT</CdtDbtInd><Sts>BOOK</Sts><BookgDt><Dt>2021-01-11+01:00</Dt></BookgDt><ValDt><Dt>2021-01-11+01:00</Dt></ValDt><BkTxCd><Prtry><Cd>555</Cd></Prtry></BkTxCd><NtryDtls><TxDtls><Refs><ChqNb>************6579</ChqNb></Refs><Amt Ccy="CZK">54</Amt><CdtDbtInd>DBIT</CdtDbtInd><RltdPties><Cdtr><Nm>HUBIZ Flora</Nm><PstlAdr><TwnNm>Praha</TwnNm></PstlAdr></Cdtr></RltdPties></TxDtls></NtryDtls></Ntry><Ntry><Amt Ccy="CZK">310</Amt><CdtDbtInd>DBIT</CdtDbtInd><Sts>BOOK</Sts><BookgDt><Dt>2021-01-11+01:00</Dt></BookgDt><ValDt><Dt>2021-01-11+01:00</Dt></ValDt><BkTxCd><Prtry><Cd>555</Cd></Prtry></BkTxCd><NtryDtls><TxDtls><Refs><ChqNb>************6579</ChqNb></Refs><Amt Ccy="CZK">310</Amt><CdtDbtInd>DBIT</CdtDbtInd><RltdPties><Cdtr><Nm>TON KIN</Nm><PstlAdr><TwnNm>PRAHA 6</TwnNm></PstlAdr></Cdtr></RltdPties></TxDtls></NtryDtls></Ntry><Ntry><Amt Ccy="CZK">3733.28</Amt><CdtDbtInd>DBIT</CdtDbtInd><Sts>BOOK</Sts><BookgDt><Dt>2021-01-12+01:00</Dt></BookgDt><ValDt><Dt>2021-01-12+01:00</Dt></ValDt><BkTxCd><Prtry><Cd>555</Cd></Prtry></BkTxCd><NtryDtls><TxDtls><Refs><ChqNb>************6579</ChqNb></Refs><Amt Ccy="CZK">3733.28</Amt><CdtDbtInd>DBIT</CdtDbtInd><RltdPties><Cdtr><Nm>PAYPAL -BANGGOODTEC</Nm><PstlAdr><TwnNm>69007089</TwnNm></PstlAdr></Cdtr></RltdPties></TxDtls></NtryDtls></Ntry><Ntry><Amt Ccy="CZK">84.9</Amt><CdtDbtInd>DBIT</CdtDbtInd><Sts>BOOK</Sts><BookgDt><Dt>2021-01-16+01:00</Dt></BookgDt><ValDt><Dt>2021-01-16+01:00</Dt></ValDt><BkTxCd><Prtry><Cd>555</Cd></Prtry></BkTxCd><NtryDtls><TxDtls><Refs><ChqNb>************6579</ChqNb></Refs><Amt Ccy="CZK">84.9</Amt><CdtDbtInd>DBIT</CdtDbtInd><RltdPties><Cdtr><Nm>ALBERT VAM DEKUJE</Nm><PstlAdr><TwnNm>PRAHA 3</TwnNm></PstlAdr></Cdtr></RltdPties></TxDtls></NtryDtls></Ntry><Ntry><Amt Ccy="CZK">162.61</Amt><CdtDbtInd>DBIT</CdtDbtInd><Sts>BOOK</Sts><BookgDt><Dt>2021-01-18+01:00</Dt></BookgDt><ValDt><Dt>2021-01-18+01:00</Dt></ValDt><BkTxCd><Prtry><Cd>555</Cd></Prtry></BkTxCd><NtryDtls><TxDtls><Refs><ChqNb>************6579</ChqNb></Refs><Amt Ccy="CZK">162.61</Amt><CdtDbtInd>DBIT</CdtDbtInd><RltdPties><Cdtr><Nm>UBER -TRIP</Nm><PstlAdr><TwnNm>HELP.UBER.COM</TwnNm></PstlAdr></Cdtr></RltdPties></TxDtls></NtryDtls></Ntry><Ntry><Amt Ccy="CZK">349.5</Amt><CdtDbtInd>DBIT</CdtDbtInd><Sts>BOOK</Sts><BookgDt><Dt>2021-01-19+01:00</Dt></BookgDt><ValDt><Dt>2021-01-19+01:00</Dt></ValDt><BkTxCd><Prtry><Cd>555</Cd></Prtry></BkTxCd><NtryDtls><TxDtls><Refs><ChqNb>************6579</ChqNb></Refs><Amt Ccy="CZK">349.5</Amt><CdtDbtInd>DBIT</CdtDbtInd><RltdPties><Cdtr><Nm>T-MOBILE CZ</Nm><PstlAdr><TwnNm>PRAHA 4</TwnNm></PstlAdr></Cdtr></RltdPties></TxDtls></NtryDtls></Ntry><Ntry><Amt Ccy="CZK">646.9</Amt><CdtDbtInd>DBIT</CdtDbtInd><Sts>BOOK</Sts><BookgDt><Dt>2021-01-19+01:00</Dt></BookgDt><ValDt><Dt>2021-01-19+01:00</Dt></ValDt><BkTxCd><Prtry><Cd>555</Cd></Prtry></BkTxCd><NtryDtls><TxDtls><Refs><ChqNb>************6579</ChqNb></Refs><Amt Ccy="CZK">646.9</Amt><CdtDbtInd>DBIT</CdtDbtInd><RltdPties><Cdtr><Nm>LIDL DEKUJE ZA NAKUP</Nm><PstlAdr><TwnNm>PRAHA</TwnNm></PstlAdr></Cdtr></RltdPties></TxDtls></NtryDtls></Ntry><Ntry><Amt Ccy="CZK">67.94</Amt><CdtDbtInd>DBIT</CdtDbtInd><Sts>BOOK</Sts><BookgDt><Dt>2021-01-23+01:00</Dt></BookgDt><ValDt><Dt>2021-01-23+01:00</Dt></ValDt><BkTxCd><Prtry><Cd>555</Cd></Prtry></BkTxCd><NtryDtls><TxDtls><Refs><ChqNb>************6579</ChqNb></Refs><Amt Ccy="CZK">67.94</Amt><CdtDbtInd>DBIT</CdtDbtInd><RltdPties><Cdtr><Nm>UBER -TRIP</Nm><PstlAdr><TwnNm>HELP.UBER.COM</TwnNm></PstlAdr></Cdtr></RltdPties></TxDtls></NtryDtls></Ntry><Ntry><Amt Ccy="CZK">14000</Amt><CdtDbtInd>DBIT</CdtDbtInd><Sts>BOOK</Sts><BookgDt><Dt>2021-01-25+01:00</Dt></BookgDt><ValDt><Dt>2021-01-25+01:00</Dt></ValDt><BkTxCd><Prtry><Cd>550</Cd></Prtry></BkTxCd><NtryDtls><TxDtls><Amt Ccy="CZK">14000</Amt><CdtDbtInd>DBIT</CdtDbtInd><RltdPties><CdtrAcct><Id><Othr><Id>27-1352660277</Id></Othr></Id></CdtrAcct></RltdPties><RltdAgts><CdtrAgt><FinInstnId><Nm>Komerční banka, a.s.</Nm><Othr><Id>0100</Id></Othr></FinInstnId></CdtrAgt></RltdAgts><RmtInf><Ustrd>najemne + zaloha (pisecka)</Ustrd></RmtInf></TxDtls></NtryDtls></Ntry><Ntry><Amt Ccy="CZK">119.8</Amt><CdtDbtInd>DBIT</CdtDbtInd><Sts>BOOK</Sts><BookgDt><Dt>2021-01-25+01:00</Dt></BookgDt><ValDt><Dt>2021-01-25+01:00</Dt></ValDt><BkTxCd><Prtry><Cd>555</Cd></Prtry></BkTxCd><NtryDtls><TxDtls><Refs><ChqNb>************6579</ChqNb></Refs><Amt Ccy="CZK">119.8</Amt><CdtDbtInd>DBIT</CdtDbtInd><RltdPties><Cdtr><Nm>DM DROGERIE MARKT</Nm><PstlAdr><TwnNm>PRAHA 3</TwnNm></PstlAdr></Cdtr></RltdPties></TxDtls></NtryDtls></Ntry><Ntry><Amt Ccy="CZK">894.2</Amt><CdtDbtInd>DBIT</CdtDbtInd><Sts>BOOK</Sts><BookgDt><Dt>2021-01-25+01:00</Dt></BookgDt><ValDt><Dt>2021-01-25+01:00</Dt></ValDt><BkTxCd><Prtry><Cd>555</Cd></Prtry></BkTxCd><NtryDtls><TxDtls><Refs><ChqNb>************6579</ChqNb></Refs><Amt Ccy="CZK">894.2</Amt><CdtDbtInd>DBIT</CdtDbtInd><RltdPties><Cdtr><Nm>ALBERT VAM DEKUJE</Nm><PstlAdr><TwnNm>PRAHA 3</TwnNm></PstlAdr></Cdtr></RltdPties></TxDtls></NtryDtls></Ntry><Ntry><Amt Ccy="CZK">148.4</Amt><CdtDbtInd>DBIT</CdtDbtInd><Sts>BOOK</Sts><BookgDt><Dt>2021-01-25+01:00</Dt></BookgDt><ValDt><Dt>2021-01-25+01:00</Dt></ValDt><BkTxCd><Prtry><Cd>555</Cd></Prtry></BkTxCd><NtryDtls><TxDtls><Refs><ChqNb>************6579</ChqNb></Refs><Amt Ccy="CZK">148.4</Amt><CdtDbtInd>DBIT</CdtDbtInd><RltdPties><Cdtr><Nm>ALBERT VAM DEKUJE</Nm><PstlAdr><TwnNm>PRAHA 3</TwnNm></PstlAdr></Cdtr></RltdPties></TxDtls></NtryDtls></Ntry><Ntry><Amt Ccy="CZK">71</Amt><CdtDbtInd>DBIT</CdtDbtInd><Sts>BOOK</Sts><BookgDt><Dt>2021-01-26+01:00</Dt></BookgDt><ValDt><Dt>2021-01-26+01:00</Dt></ValDt><BkTxCd><Prtry><Cd>555</Cd></Prtry></BkTxCd><NtryDtls><TxDtls><Refs><ChqNb>************6579</ChqNb></Refs><Amt Ccy="CZK">71</Amt><CdtDbtInd>DBIT</CdtDbtInd><RltdPties><Cdtr><Nm>POTRAVINY VECERKA</Nm><PstlAdr><TwnNm>PRAHA</TwnNm></PstlAdr></Cdtr></RltdPties></TxDtls></NtryDtls></Ntry><Ntry><Amt Ccy="CZK">194.6</Amt><CdtDbtInd>DBIT</CdtDbtInd><Sts>BOOK</Sts><BookgDt><Dt>2021-01-26+01:00</Dt></BookgDt><ValDt><Dt>2021-01-26+01:00</Dt></ValDt><BkTxCd><Prtry><Cd>555</Cd></Prtry></BkTxCd><NtryDtls><TxDtls><Refs><ChqNb>************6579</ChqNb></Refs><Amt Ccy="CZK">194.6</Amt><CdtDbtInd>DBIT</CdtDbtInd><RltdPties><Cdtr><Nm>ALBERT VAM DEKUJE</Nm><PstlAdr><TwnNm>PRAHA 3</TwnNm></PstlAdr></Cdtr></RltdPties></TxDtls></NtryDtls></Ntry><Ntry><Amt Ccy="CZK">199</Amt><CdtDbtInd>DBIT</CdtDbtInd><Sts>BOOK</Sts><BookgDt><Dt>2021-01-27+01:00</Dt></BookgDt><ValDt><Dt>2021-01-27+01:00</Dt></ValDt><BkTxCd><Prtry><Cd>555</Cd></Prtry></BkTxCd><NtryDtls><TxDtls><Refs><ChqNb>************6579</ChqNb></Refs><Amt Ccy="CZK">199</Amt><CdtDbtInd>DBIT</CdtDbtInd><RltdPties><Cdtr><Nm>POTRAVINY VINOHRADSKA</Nm><PstlAdr><TwnNm>PRAHA 3</TwnNm></PstlAdr></Cdtr></RltdPties></TxDtls></NtryDtls></Ntry><Ntry><Amt Ccy="CZK">125</Amt><CdtDbtInd>DBIT</CdtDbtInd><Sts>BOOK</Sts><BookgDt><Dt>2021-01-28+01:00</Dt></BookgDt><ValDt><Dt>2021-01-28+01:00</Dt></ValDt><BkTxCd><Prtry><Cd>555</Cd></Prtry></BkTxCd><NtryDtls><TxDtls><Refs><ChqNb>************6579</ChqNb></Refs><Amt Ccy="CZK">125</Amt><CdtDbtInd>DBIT</CdtDbtInd><RltdPties><Cdtr><Nm>BOLT.EU /O/2101271958</Nm><PstlAdr><TwnNm>Tallinn</TwnNm></PstlAdr></Cdtr></RltdPties></TxDtls></NtryDtls></Ntry><Ntry><Amt Ccy="CZK">355.7</Amt><CdtDbtInd>DBIT</CdtDbtInd><Sts>BOOK</Sts><BookgDt><Dt>2021-01-28+01:00</Dt></BookgDt><ValDt><Dt>2021-01-28+01:00</Dt></ValDt><BkTxCd><Prtry><Cd>555</Cd></Prtry></BkTxCd><NtryDtls><TxDtls><Refs><ChqNb>************6579</ChqNb></Refs><Amt Ccy="CZK">355.7</Amt><CdtDbtInd>DBIT</CdtDbtInd><RltdPties><Cdtr><Nm>ALBERT VAM DEKUJE</Nm><PstlAdr><TwnNm>PRAHA 3</TwnNm></PstlAdr></Cdtr></RltdPties></TxDtls></NtryDtls></Ntry><Ntry><Amt Ccy="CZK">41</Amt><CdtDbtInd>DBIT</CdtDbtInd><Sts>BOOK</Sts><BookgDt><Dt>2021-01-28+01:00</Dt></BookgDt><ValDt><Dt>2021-01-28+01:00</Dt></ValDt><BkTxCd><Prtry><Cd>555</Cd></Prtry></BkTxCd><NtryDtls><TxDtls><Refs><ChqNb>************6579</ChqNb></Refs><Amt Ccy="CZK">41</Amt><CdtDbtInd>DBIT</CdtDbtInd><RltdPties><Cdtr><Nm>POTRAVINY VECERKA</Nm><PstlAdr><TwnNm>PRAHA</TwnNm></PstlAdr></Cdtr></RltdPties></TxDtls></NtryDtls></Ntry><Ntry><Amt Ccy="CZK">75.3</Amt><CdtDbtInd>DBIT</CdtDbtInd><Sts>BOOK</Sts><BookgDt><Dt>2021-01-29+01:00</Dt></BookgDt><ValDt><Dt>2021-01-29+01:00</Dt></ValDt><BkTxCd><Prtry><Cd>555</Cd></Prtry></BkTxCd><NtryDtls><TxDtls><Refs><ChqNb>************6579</ChqNb></Refs><Amt Ccy="CZK">75.3</Amt><CdtDbtInd>DBIT</CdtDbtInd><RltdPties><Cdtr><Nm>ALBERT VAM DEKUJE</Nm><PstlAdr><TwnNm>PRAHA 3</TwnNm></PstlAdr></Cdtr></RltdPties></TxDtls></NtryDtls></Ntry><Ntry><Amt Ccy="CZK">800</Amt><CdtDbtInd>DBIT</CdtDbtInd><Sts>BOOK</Sts><BookgDt><Dt>2021-01-29+01:00</Dt></BookgDt><ValDt><Dt>2021-01-29+01:00</Dt></ValDt><BkTxCd><Prtry><Cd>555</Cd></Prtry></BkTxCd><NtryDtls><TxDtls><Refs><ChqNb>************6579</ChqNb></Refs><Amt Ccy="CZK">800</Amt><CdtDbtInd>DBIT</CdtDbtInd><RltdPties><Cdtr><Nm>CESKA SPORITELNA, A.S.</Nm><PstlAdr><TwnNm>PRAHA 3</TwnNm></PstlAdr></Cdtr><CdtrAcct><Id><Othr><Id>1011071271</Id></Othr></Id><Nm>NOSTRO - CARD TRANSA</Nm></CdtrAcct></RltdPties><RltdAgts><CdtrAgt><FinInstnId><Nm>Equa bank a.s.</Nm><Othr><Id>6100</Id></Othr></FinInstnId></CdtrAgt></RltdAgts></TxDtls></NtryDtls></Ntry><Ntry><Amt Ccy="CZK">1058.1</Amt><CdtDbtInd>DBIT</CdtDbtInd><Sts>BOOK</Sts><BookgDt><Dt>2021-01-29+01:00</Dt></BookgDt><ValDt><Dt>2021-01-29+01:00</Dt></ValDt><BkTxCd><Prtry><Cd>555</Cd></Prtry></BkTxCd><NtryDtls><TxDtls><Refs><ChqNb>************6579</ChqNb></Refs><Amt Ccy="CZK">1058.1</Amt><CdtDbtInd>DBIT</CdtDbtInd><RltdPties><Cdtr><Nm>LIDL DEKUJE ZA NAKUP</Nm><PstlAdr><TwnNm>PRAHA</TwnNm></PstlAdr></Cdtr></RltdPties></TxDtls></NtryDtls></Ntry><Ntry><Amt Ccy="CZK">500</Amt><CdtDbtInd>DBIT</CdtDbtInd><Sts>BOOK</Sts><BookgDt><Dt>2021-01-30+01:00</Dt></BookgDt><ValDt><Dt>2021-01-30+01:00</Dt></ValDt><BkTxCd><Prtry><Cd>555</Cd></Prtry></BkTxCd><NtryDtls><TxDtls><Refs><ChqNb>************6579</ChqNb></Refs><Amt Ccy="CZK">500</Amt><CdtDbtInd>DBIT</CdtDbtInd><RltdPties><Cdtr><Nm>CESKA SPORITELNA, A.S.</Nm><PstlAdr><TwnNm>PRAHA 3</TwnNm></PstlAdr></Cdtr><CdtrAcct><Id><Othr><Id>1011071271</Id></Othr></Id><Nm>NOSTRO - CARD TRANSA</Nm></CdtrAcct></RltdPties><RltdAgts><CdtrAgt><FinInstnId><Nm>Equa bank a.s.</Nm><Othr><Id>6100</Id></Othr></FinInstnId></CdtrAgt></RltdAgts></TxDtls></NtryDtls></Ntry><Ntry><Amt Ccy="CZK">3.16</Amt><CdtDbtInd>CRDT</CdtDbtInd><Sts>BOOK</Sts><BookgDt><Dt>2021-01-31+01:00</Dt></BookgDt><ValDt><Dt>2021-02-01+01:00</Dt></ValDt><BkTxCd><Prtry><Cd>901</Cd></Prtry></BkTxCd><NtryDtls><TxDtls><Amt Ccy="CZK">3.16</Amt><CdtDbtInd>CRDT</CdtDbtInd></TxDtls></NtryDtls></Ntry><Ntry><Amt Ccy="CZK">0.47</Amt><CdtDbtInd>DBIT</CdtDbtInd><Sts>BOOK</Sts><BookgDt><Dt>2021-01-31+01:00</Dt></BookgDt><ValDt><Dt>2021-02-01+01:00</Dt></ValDt><BkTxCd><Prtry><Cd>904</Cd></Prtry></BkTxCd><NtryDtls><TxDtls><Amt Ccy="CZK">0.47</Amt><CdtDbtInd>DBIT</CdtDbtInd></TxDtls></NtryDtls></Ntry></Stmt></BkToCstmrStmt></Document>