<?xml version='1.0' encoding='UTF-8'?><Document xmlns="urn:iso:std:iso:20022:tech:xsd:camt.053.001.06"><BkToCstmrStmt><GrpHdr><MsgId>camt.053-2020-08-31-8</MsgId><CreDtTm>2021-12-25T13:00:45.891+01:00</CreDtTm><MsgRcpt><Nm>Kawecki Jakub Krzysztof</Nm><PstlAdr><StrtNm>Na Hutích</StrtNm><BldgNb>582/3</BldgNb><PstCd>16000</PstCd><TwnNm>Praha</TwnNm><Ctry>CZ</Ctry></PstlAdr></MsgRcpt></GrpHdr><Stmt><Id>CZ7461000000001029848317-2020-08-31</Id><ElctrncSeqNb>8</ElctrncSeqNb><LglSeqNb>8</LglSeqNb><CreDtTm>2020-08-31T00:00:00.000+02:00</CreDtTm><FrToDt><FrDtTm>2020-08-01T00:00:00.000+02:00</FrDtTm><ToDtTm>2020-08-31T00:00:00.000+02:00</ToDtTm></FrToDt><Acct><Id><IBAN>CZ7461000000001029848317</IBAN></Id><Ccy>CZK</Ccy><Ownr><Nm>Kawecki Jakub Krzysztof</Nm><PstlAdr><StrtNm>Na Hutích</StrtNm><BldgNb>582/3</BldgNb><PstCd>16000</PstCd><TwnNm>Praha</TwnNm><Ctry>CZ</Ctry></PstlAdr></Ownr><Svcr><FinInstnId><BICFI>EQBKCZPP</BICFI><Nm>Equa bank a.s.</Nm><Othr><Id>6100</Id></Othr></FinInstnId></Svcr></Acct><Bal><Tp><CdOrPrtry><Cd>PRCD</Cd></CdOrPrtry></Tp><Amt Ccy="CZK">255772.33</Amt><CdtDbtInd>CRDT</CdtDbtInd><Dt><Dt>2020-08-01+02:00</Dt></Dt></Bal><Bal><Tp><CdOrPrtry><Cd>CLBD</Cd></CdOrPrtry></Tp><Amt Ccy="CZK">268233.22</Amt><CdtDbtInd>CRDT</CdtDbtInd><Dt><Dt>2020-08-31+02:00</Dt></Dt></Bal><TxsSummry><TtlNtries><NbOfNtries>19</NbOfNtries><Sum>12460.89</Sum><TtlNetNtry><Amt>12460.89</Amt><CdtDbtInd>DBIT</CdtDbtInd></TtlNetNtry></TtlNtries><TtlCdtNtries><NbOfNtries>4</NbOfNtries><Sum>40531.3</Sum></TtlCdtNtries><TtlDbtNtries><NbOfNtries>15</NbOfNtries><Sum>-28070.41</Sum></TtlDbtNtries></TxsSummry><Ntry><Amt Ccy="CZK">49.9</Amt><CdtDbtInd>DBIT</CdtDbtInd><Sts>BOOK</Sts><BookgDt><Dt>2020-08-01+02:00</Dt></BookgDt><ValDt><Dt>2020-08-01+02:00</Dt></ValDt><BkTxCd><Prtry><Cd>555</Cd></Prtry></BkTxCd><NtryDtls><TxDtls><Refs><ChqNb>************6579</ChqNb></Refs><Amt Ccy="CZK">49.9</Amt><CdtDbtInd>DBIT</CdtDbtInd><RltdPties><Cdtr><Nm>ALBERT VAM DEKUJE</Nm><PstlAdr><TwnNm>PRAHA 6</TwnNm></PstlAdr></Cdtr></RltdPties></TxDtls></NtryDtls></Ntry><Ntry><Amt Ccy="CZK">1590</Amt><CdtDbtInd>CRDT</CdtDbtInd><Sts>BOOK</Sts><BookgDt><Dt>2020-08-03+02:00</Dt></BookgDt><ValDt><Dt>2020-08-03+02:00</Dt></ValDt><BkTxCd><Prtry><Cd>555</Cd></Prtry></BkTxCd><NtryDtls><TxDtls><Refs><ChqNb>************6579</ChqNb></Refs><Amt Ccy="CZK">1590</Amt><CdtDbtInd>CRDT</CdtDbtInd><RltdPties><Dbtr><Nm>Zalando Payments</Nm><PstlAdr><TwnNm>Berlin</TwnNm></PstlAdr></Dbtr></RltdPties><RmtInf><Ustrd>Kredit u obchodníka</Ustrd></RmtInf></TxDtls></NtryDtls></Ntry><Ntry><Amt Ccy="CZK">500</Amt><CdtDbtInd>DBIT</CdtDbtInd><Sts>BOOK</Sts><BookgDt><Dt>2020-08-03+02:00</Dt></BookgDt><ValDt><Dt>2020-08-03+02:00</Dt></ValDt><BkTxCd><Prtry><Cd>555</Cd></Prtry></BkTxCd><NtryDtls><TxDtls><Refs><ChqNb>************6579</ChqNb></Refs><Amt Ccy="CZK">500</Amt><CdtDbtInd>DBIT</CdtDbtInd><RltdPties><Cdtr><Nm>MMB1520 VITEZNE NAM 2</Nm><PstlAdr><TwnNm>Praha 6</TwnNm></PstlAdr></Cdtr><CdtrAcct><Id><Othr><Id>1011071271</Id></Othr></Id><Nm>NOSTRO - CARD TRANSA</Nm></CdtrAcct></RltdPties><RltdAgts><CdtrAgt><FinInstnId><Nm>Equa bank a.s.</Nm><Othr><Id>6100</Id></Othr></FinInstnId></CdtrAgt></RltdAgts></TxDtls></NtryDtls></Ntry><Ntry><Amt Ccy="CZK">64.9</Amt><CdtDbtInd>DBIT</CdtDbtInd><Sts>BOOK</Sts><BookgDt><Dt>2020-08-03+02:00</Dt></BookgDt><ValDt><Dt>2020-08-03+02:00</Dt></ValDt><BkTxCd><Prtry><Cd>555</Cd></Prtry></BkTxCd><NtryDtls><TxDtls><Refs><ChqNb>************6579</ChqNb></Refs><Amt Ccy="CZK">64.9</Amt><CdtDbtInd>DBIT</CdtDbtInd><RltdPties><Cdtr><Nm>ALBERT VAM DEKUJE</Nm><PstlAdr><TwnNm>PRAHA 6</TwnNm></PstlAdr></Cdtr></RltdPties></TxDtls></NtryDtls></Ntry><Ntry><Amt Ccy="CZK">147.88</Amt><CdtDbtInd>DBIT</CdtDbtInd><Sts>BOOK</Sts><BookgDt><Dt>2020-08-03+02:00</Dt></BookgDt><ValDt><Dt>2020-08-03+02:00</Dt></ValDt><BkTxCd><Prtry><Cd>555</Cd></Prtry></BkTxCd><NtryDtls><TxDtls><Refs><ChqNb>************6579</ChqNb></Refs><Amt Ccy="CZK">147.88</Amt><CdtDbtInd>DBIT</CdtDbtInd><RltdPties><Cdtr><Nm>Billa Praha Blox</Nm><PstlAdr><TwnNm>Praha 6</TwnNm></PstlAdr></Cdtr></RltdPties></TxDtls></NtryDtls></Ntry><Ntry><Amt Ccy="CZK">38289</Amt><CdtDbtInd>CRDT</CdtDbtInd><Sts>BOOK</Sts><BookgDt><Dt>2020-08-06+02:00</Dt></BookgDt><ValDt><Dt>2020-08-06+02:00</Dt></ValDt><BkTxCd><Prtry><Cd>550</Cd></Prtry></BkTxCd><NtryDtls><TxDtls><Refs><InstrId>KS0000000138</InstrId><EndToEndId>VS0000000009</EndToEndId></Refs><Amt Ccy="CZK">38289</Amt><CdtDbtInd>CRDT</CdtDbtInd><RltdPties><DbtrAcct><Id><Othr><Id>1013384327</Id></Othr></Id><Nm>Siemens, s.r.o.</Nm></DbtrAcct></RltdPties><RltdAgts><DbtrAgt><FinInstnId><Nm>UniCredit Bank Czech Republic and Slovakia, a.s.</Nm><Othr><Id>2700</Id></Othr></FinInstnId></DbtrAgt></RltdAgts><RmtInf><Ustrd>5148 0</Ustrd></RmtInf></TxDtls></NtryDtls></Ntry><Ntry><Amt Ccy="CZK">254.9</Amt><CdtDbtInd>DBIT</CdtDbtInd><Sts>BOOK</Sts><BookgDt><Dt>2020-08-06+02:00</Dt></BookgDt><ValDt><Dt>2020-08-06+02:00</Dt></ValDt><BkTxCd><Prtry><Cd>555</Cd></Prtry></BkTxCd><NtryDtls><TxDtls><Refs><ChqNb>************6579</ChqNb></Refs><Amt Ccy="CZK">254.9</Amt><CdtDbtInd>DBIT</CdtDbtInd><RltdPties><Cdtr><Nm>LIDL DEKUJE ZA NAKUP</Nm><PstlAdr><TwnNm>PRAHA</TwnNm></PstlAdr></Cdtr></RltdPties></TxDtls></NtryDtls></Ntry><Ntry><Amt Ccy="CZK">650</Amt><CdtDbtInd>CRDT</CdtDbtInd><Sts>BOOK</Sts><BookgDt><Dt>2020-08-10+02:00</Dt></BookgDt><ValDt><Dt>2020-08-10+02:00</Dt></ValDt><BkTxCd><Prtry><Cd>550</Cd></Prtry></BkTxCd><NtryDtls><TxDtls><Refs><InstrId>KS0000</InstrId></Refs><Amt Ccy="CZK">650</Amt><CdtDbtInd>CRDT</CdtDbtInd><RltdPties><DbtrAcct><Id><Othr><Id>1939074023</Id></Othr></Id><Nm>Svoboda Michal</Nm></DbtrAcct></RltdPties><RltdAgts><DbtrAgt><FinInstnId><Nm>Česká spořitelna, a.s.</Nm><Othr><Id>0800</Id></Othr></FinInstnId></DbtrAgt></RltdAgts></TxDtls></NtryDtls></Ntry><Ntry><Amt Ccy="CZK">16.9</Amt><CdtDbtInd>DBIT</CdtDbtInd><Sts>BOOK</Sts><BookgDt><Dt>2020-08-10+02:00</Dt></BookgDt><ValDt><Dt>2020-08-10+02:00</Dt></ValDt><BkTxCd><Prtry><Cd>555</Cd></Prtry></BkTxCd><NtryDtls><TxDtls><Refs><ChqNb>************6579</ChqNb></Refs><Amt Ccy="CZK">16.9</Amt><CdtDbtInd>DBIT</CdtDbtInd><RltdPties><Cdtr><Nm>Billa Praha Blox</Nm><PstlAdr><TwnNm>Praha 6</TwnNm></PstlAdr></Cdtr></RltdPties></TxDtls></NtryDtls></Ntry><Ntry><Amt Ccy="CZK">5995.33</Amt><CdtDbtInd>DBIT</CdtDbtInd><Sts>BOOK</Sts><BookgDt><Dt>2020-08-10+02:00</Dt></BookgDt><ValDt><Dt>2020-08-10+02:00</Dt></ValDt><BkTxCd><Prtry><Cd>550</Cd></Prtry></BkTxCd><NtryDtls><TxDtls><Amt Ccy="CZK">5995.33</Amt><CdtDbtInd>DBIT</CdtDbtInd><RltdPties><CdtrAcct><Id><Othr><Id>5060011118</Id></Othr></Id></CdtrAcct></RltdPties><RltdAgts><CdtrAgt><FinInstnId><Nm>Raiffeisenbank a.s.</Nm><Othr><Id>5500</Id></Othr></FinInstnId></CdtrAgt></RltdAgts><RmtInf><Ustrd>P14515768</Ustrd></RmtInf></TxDtls></NtryDtls></Ntry><Ntry><Amt Ccy="CZK">18968.75</Amt><CdtDbtInd>DBIT</CdtDbtInd><Sts>BOOK</Sts><BookgDt><Dt>2020-08-10+02:00</Dt></BookgDt><ValDt><Dt>2020-08-10+02:00</Dt></ValDt><BkTxCd><Prtry><Cd>550</Cd></Prtry></BkTxCd><NtryDtls><TxDtls><Amt Ccy="CZK">18968.75</Amt><CdtDbtInd>DBIT</CdtDbtInd><RltdPties><CdtrAcct><Id><Othr><Id>115-3909920267</Id></Othr></Id></CdtrAcct></RltdPties><RltdAgts><CdtrAgt><FinInstnId><Nm>Komerční banka, a.s.</Nm><Othr><Id>0100</Id></Othr></FinInstnId></CdtrAgt></RltdAgts><RmtInf><Ustrd>Rent (july+august*1.5)</Ustrd></RmtInf></TxDtls></NtryDtls></Ntry><Ntry><Amt Ccy="CZK">52.9</Amt><CdtDbtInd>DBIT</CdtDbtInd><Sts>BOOK</Sts><BookgDt><Dt>2020-08-11+02:00</Dt></BookgDt><ValDt><Dt>2020-08-11+02:00</Dt></ValDt><BkTxCd><Prtry><Cd>555</Cd></Prtry></BkTxCd><NtryDtls><TxDtls><Refs><ChqNb>************6579</ChqNb></Refs><Amt Ccy="CZK">52.9</Amt><CdtDbtInd>DBIT</CdtDbtInd><RltdPties><Cdtr><Nm>Billa Praha Blox</Nm><PstlAdr><TwnNm>Praha 6</TwnNm></PstlAdr></Cdtr></RltdPties></TxDtls></NtryDtls></Ntry><Ntry><Amt Ccy="CZK">207.63</Amt><CdtDbtInd>DBIT</CdtDbtInd><Sts>BOOK</Sts><BookgDt><Dt>2020-08-11+02:00</Dt></BookgDt><ValDt><Dt>2020-08-11+02:00</Dt></ValDt><BkTxCd><Prtry><Cd>555</Cd></Prtry></BkTxCd><NtryDtls><TxDtls><Refs><ChqNb>************6579</ChqNb></Refs><Amt Ccy="CZK">207.63</Amt><CdtDbtInd>DBIT</CdtDbtInd><RltdPties><Cdtr><Nm>ROSSMANN VAM DEKUJE</Nm><PstlAdr><TwnNm>PRAHA 6</TwnNm></PstlAdr></Cdtr></RltdPties></TxDtls></NtryDtls></Ntry><Ntry><Amt Ccy="CZK">1603.08</Amt><CdtDbtInd>DBIT</CdtDbtInd><Sts>BOOK</Sts><BookgDt><Dt>2020-08-20+02:00</Dt></BookgDt><ValDt><Dt>2020-08-20+02:00</Dt></ValDt><BkTxCd><Prtry><Cd>555</Cd></Prtry></BkTxCd><NtryDtls><TxDtls><Refs><ChqNb>************6579</ChqNb></Refs><Amt Ccy="EUR">1603.08</Amt><CdtDbtInd>DBIT</CdtDbtInd><AmtDtls><InstdAmt><Amt Ccy="EUR">60</Amt></InstdAmt><CntrValAmt><Amt Ccy="CZK">1603.08</Amt><CcyXchg><SrcCcy>EUR</SrcCcy><TrgtCcy>CZK</TrgtCcy><XchgRate>1</XchgRate></CcyXchg></CntrValAmt></AmtDtls><RltdPties><Cdtr><Nm>VER. RAIFFEISENBANKEN</Nm><PstlAdr><TwnNm>GRAEFENBER</TwnNm></PstlAdr></Cdtr><CdtrAcct><Id><Othr><Id>1011225381</Id></Othr></Id><Nm>SUSPENSE - CARD TRAN</Nm></CdtrAcct></RltdPties><RltdAgts><CdtrAgt><FinInstnId><Nm>Equa bank a.s.</Nm><Othr><Id>6100</Id></Othr></FinInstnId></CdtrAgt></RltdAgts></TxDtls></NtryDtls></Ntry><Ntry><Amt Ccy="CZK">2.9</Amt><CdtDbtInd>DBIT</CdtDbtInd><Sts>BOOK</Sts><BookgDt><Dt>2020-08-24+02:00</Dt></BookgDt><ValDt><Dt>2020-08-24+02:00</Dt></ValDt><BkTxCd><Prtry><Cd>555</Cd></Prtry></BkTxCd><NtryDtls><TxDtls><Refs><ChqNb>************6579</ChqNb></Refs><Amt Ccy="CZK">2.9</Amt><CdtDbtInd>DBIT</CdtDbtInd><RltdPties><Cdtr><Nm>Tesco Praha Hradcanska</Nm><PstlAdr><TwnNm>Praha 6</TwnNm></PstlAdr></Cdtr></RltdPties></TxDtls></NtryDtls></Ntry><Ntry><Amt Ccy="CZK">45</Amt><CdtDbtInd>DBIT</CdtDbtInd><Sts>BOOK</Sts><BookgDt><Dt>2020-08-28+02:00</Dt></BookgDt><ValDt><Dt>2020-08-28+02:00</Dt></ValDt><BkTxCd><Prtry><Cd>555</Cd></Prtry></BkTxCd><NtryDtls><TxDtls><Refs><ChqNb>************6579</ChqNb></Refs><Amt Ccy="CZK">45</Amt><CdtDbtInd>DBIT</CdtDbtInd><RltdPties><Cdtr><Nm>SumUp -Angelato Praha</Nm><PstlAdr><TwnNm>Praha 6</TwnNm></PstlAdr></Cdtr></RltdPties></TxDtls></NtryDtls></Ntry><Ntry><Amt Ccy="CZK">160</Amt><CdtDbtInd>DBIT</CdtDbtInd><Sts>BOOK</Sts><BookgDt><Dt>2020-08-29+02:00</Dt></BookgDt><ValDt><Dt>2020-08-29+02:00</Dt></ValDt><BkTxCd><Prtry><Cd>555</Cd></Prtry></BkTxCd><NtryDtls><TxDtls><Refs><ChqNb>************6579</ChqNb></Refs><Amt Ccy="CZK">160</Amt><CdtDbtInd>DBIT</CdtDbtInd><RltdPties><Cdtr><Nm>TON KIN</Nm><PstlAdr><TwnNm>PRAHA 6</TwnNm></PstlAdr></Cdtr></RltdPties></TxDtls></NtryDtls></Ntry><Ntry><Amt Ccy="CZK">2.3</Amt><CdtDbtInd>CRDT</CdtDbtInd><Sts>BOOK</Sts><BookgDt><Dt>2020-08-31+02:00</Dt></BookgDt><ValDt><Dt>2020-09-01+02:00</Dt></ValDt><BkTxCd><Prtry><Cd>901</Cd></Prtry></BkTxCd><NtryDtls><TxDtls><Amt Ccy="CZK">2.3</Amt><CdtDbtInd>CRDT</CdtDbtInd></TxDtls></NtryDtls></Ntry><Ntry><Amt Ccy="CZK">0.34</Amt><CdtDbtInd>DBIT</CdtDbtInd><Sts>BOOK</Sts><BookgDt><Dt>2020-08-31+02:00</Dt></BookgDt><ValDt><Dt>2020-09-01+02:00</Dt></ValDt><BkTxCd><Prtry><Cd>904</Cd></Prtry></BkTxCd><NtryDtls><TxDtls><Amt Ccy="CZK">0.34</Amt><CdtDbtInd>DBIT</CdtDbtInd></TxDtls></NtryDtls></Ntry></Stmt></BkToCstmrStmt></Document>