<?xml version='1.0' encoding='UTF-8'?>
<Document xmlns="urn:iso:std:iso:20022:tech:xsd:camt.053.001.06">
    <BkToCstmrStmt>
        <GrpHdr>
            <MsgId>camt.053-2019-08-31-1</MsgId>
            <CreDtTm>2021-12-25T13:02:31.548+01:00</CreDtTm>
            <MsgRcpt>
                <Nm>Kawecki Jakub Krzysztof</Nm>
                <PstlAdr>
                    <StrtNm>Dukelských hrdinů</StrtNm>
                    <BldgNb>971/22</BldgNb>
                    <PstCd>17000</PstCd>
                    <TwnNm>Praha</TwnNm>
                    <Ctry>CZ</Ctry>
                </PstlAdr>
            </MsgRcpt>
        </GrpHdr>
        <Stmt>
            <Id>CZ7461000000001029848317-2019-08-31</Id>
            <ElctrncSeqNb>1</ElctrncSeqNb>
            <LglSeqNb>1</LglSeqNb>
            <CreDtTm>2019-08-31T00:00:00.000+02:00</CreDtTm>
            <FrToDt>
                <FrDtTm>2019-08-15T00:00:00.000+02:00</FrDtTm>
                <ToDtTm>2019-08-31T00:00:00.000+02:00</ToDtTm>
            </FrToDt>
            <Acct>
                <Id>
                    <IBAN>CZ7461000000001029848317</IBAN>
                </Id>
                <Ccy>CZK</Ccy>
                <Ownr>
                    <Nm>Kawecki Jakub Krzysztof</Nm>
                    <PstlAdr>
                        <StrtNm>Dukelských hrdinů</StrtNm>
                        <BldgNb>971/22</BldgNb>
                        <PstCd>17000</PstCd>
                        <TwnNm>Praha</TwnNm>
                        <Ctry>CZ</Ctry>
                    </PstlAdr>
                </Ownr>
                <Svcr>
                    <FinInstnId>
                        <BICFI>EQBKCZPP</BICFI>
                        <Nm>Equa bank a.s.</Nm>
                        <Othr>
                            <Id>6100</Id>
                        </Othr>
                    </FinInstnId>
                </Svcr>
            </Acct>
            <Bal>
                <Tp>
                    <CdOrPrtry>
                        <Cd>PRCD</Cd>
                    </CdOrPrtry>
                </Tp>
                <Amt Ccy="CZK">0</Amt>
                <CdtDbtInd>CRDT</CdtDbtInd>
                <Dt>
                    <Dt>2019-08-15+02:00</Dt>
                </Dt>
            </Bal>
            <Bal>
                <Tp>
                    <CdOrPrtry>
                        <Cd>CLBD</Cd>
                    </CdOrPrtry>
                </Tp>
                <Amt Ccy="CZK">0</Amt>
                <CdtDbtInd>CRDT</CdtDbtInd>
                <Dt>
                    <Dt>2019-08-31+02:00</Dt>
                </Dt>
            </Bal>
            <TxsSummry>
                <TtlNtries>
                    <NbOfNtries>0</NbOfNtries>
                    <Sum>0</Sum>
                    <TtlNetNtry>
                        <Amt>0</Amt>
                        <CdtDbtInd>CRDT</CdtDbtInd>
                    </TtlNetNtry>
                </TtlNtries>
                <TtlCdtNtries>
                    <NbOfNtries>0</NbOfNtries>
                    <Sum>0</Sum>
                </TtlCdtNtries>
                <TtlDbtNtries>
                    <NbOfNtries>0</NbOfNtries>
                    <Sum>0</Sum>
                </TtlDbtNtries>
            </TxsSummry>
        </Stmt>
    </BkToCstmrStmt>
</Document>