<?xml version='1.0' encoding='UTF-8'?><Document xmlns="urn:iso:std:iso:20022:tech:xsd:camt.053.001.06"><BkToCstmrStmt><GrpHdr><MsgId>camt.053-2020-10-31-10</MsgId><CreDtTm>2021-12-25T13:00:47.998+01:00</CreDtTm><MsgRcpt><Nm>Kawecki Jakub Krzysztof</Nm><PstlAdr><StrtNm>Na Hutích</StrtNm><BldgNb>582/3</BldgNb><PstCd>16000</PstCd><TwnNm>Praha</TwnNm><Ctry>CZ</Ctry></PstlAdr></MsgRcpt></GrpHdr><Stmt><Id>CZ7461000000001029848317-2020-10-31</Id><ElctrncSeqNb>10</ElctrncSeqNb><LglSeqNb>10</LglSeqNb><CreDtTm>2020-10-31T00:00:00.000+01:00</CreDtTm><FrToDt><FrDtTm>2020-10-01T00:00:00.000+02:00</FrDtTm><ToDtTm>2020-10-31T00:00:00.000+01:00</ToDtTm></FrToDt><Acct><Id><IBAN>CZ7461000000001029848317</IBAN></Id><Ccy>CZK</Ccy><Ownr><Nm>Kawecki Jakub Krzysztof</Nm><PstlAdr><StrtNm>Na Hutích</StrtNm><BldgNb>582/3</BldgNb><PstCd>16000</PstCd><TwnNm>Praha</TwnNm><Ctry>CZ</Ctry></PstlAdr></Ownr><Svcr><FinInstnId><BICFI>EQBKCZPP</BICFI><Nm>Equa bank a.s.</Nm><Othr><Id>6100</Id></Othr></FinInstnId></Svcr></Acct><Bal><Tp><CdOrPrtry><Cd>PRCD</Cd></CdOrPrtry></Tp><Amt Ccy="CZK">297504</Amt><CdtDbtInd>CRDT</CdtDbtInd><Dt><Dt>2020-10-01+02:00</Dt></Dt></Bal><Bal><Tp><CdOrPrtry><Cd>CLBD</Cd></CdOrPrtry></Tp><Amt Ccy="CZK">305425.27</Amt><CdtDbtInd>CRDT</CdtDbtInd><Dt><Dt>2020-10-31+01:00</Dt></Dt></Bal><TxsSummry><TtlNtries><NbOfNtries>20</NbOfNtries><Sum>7921.27</Sum><TtlNetNtry><Amt>7921.27</Amt><CdtDbtInd>DBIT</CdtDbtInd></TtlNetNtry></TtlNtries><TtlCdtNtries><NbOfNtries>2</NbOfNtries><Sum>29969.62</Sum></TtlCdtNtries><TtlDbtNtries><NbOfNtries>18</NbOfNtries><Sum>-22048.35</Sum></TtlDbtNtries></TxsSummry><Ntry><Amt Ccy="CZK">122.3</Amt><CdtDbtInd>DBIT</CdtDbtInd><Sts>BOOK</Sts><BookgDt><Dt>2020-10-05+02:00</Dt></BookgDt><ValDt><Dt>2020-10-05+02:00</Dt></ValDt><BkTxCd><Prtry><Cd>555</Cd></Prtry></BkTxCd><NtryDtls><TxDtls><Refs><ChqNb>************6579</ChqNb></Refs><Amt Ccy="CZK">122.3</Amt><CdtDbtInd>DBIT</CdtDbtInd><RltdPties><Cdtr><Nm>UBER TRIP HELP.UBER.CO</Nm><PstlAdr><TwnNm>Amsterdam</TwnNm></PstlAdr></Cdtr></RltdPties></TxDtls></NtryDtls></Ntry><Ntry><Amt Ccy="CZK">29967</Amt><CdtDbtInd>CRDT</CdtDbtInd><Sts>BOOK</Sts><BookgDt><Dt>2020-10-06+02:00</Dt></BookgDt><ValDt><Dt>2020-10-06+02:00</Dt></ValDt><BkTxCd><Prtry><Cd>550</Cd></Prtry></BkTxCd><NtryDtls><TxDtls><Refs><InstrId>KS0000000138</InstrId><EndToEndId>VS0000000009</EndToEndId></Refs><Amt Ccy="CZK">29967</Amt><CdtDbtInd>CRDT</CdtDbtInd><RltdPties><DbtrAcct><Id><Othr><Id>1013384327</Id></Othr></Id><Nm>Siemens, s.r.o.</Nm></DbtrAcct></RltdPties><RltdAgts><DbtrAgt><FinInstnId><Nm>UniCredit Bank Czech Republic and Slovakia, a.s.</Nm><Othr><Id>2700</Id></Othr></FinInstnId></DbtrAgt></RltdAgts><RmtInf><Ustrd>5148 0</Ustrd></RmtInf></TxDtls></NtryDtls></Ntry><Ntry><Amt Ccy="CZK">15630</Amt><CdtDbtInd>DBIT</CdtDbtInd><Sts>BOOK</Sts><BookgDt><Dt>2020-10-06+02:00</Dt></BookgDt><ValDt><Dt>2020-10-06+02:00</Dt></ValDt><BkTxCd><Prtry><Cd>550</Cd></Prtry></BkTxCd><NtryDtls><TxDtls><Amt Ccy="CZK">15630</Amt><CdtDbtInd>DBIT</CdtDbtInd><RltdPties><CdtrAcct><Id><Othr><Id>115-3909920267</Id></Othr></Id></CdtrAcct></RltdPties><RltdAgts><CdtrAgt><FinInstnId><Nm>Komerční banka, a.s.</Nm><Othr><Id>0100</Id></Othr></FinInstnId></CdtrAgt></RltdAgts><RmtInf><Ustrd>Room rent (sept+nov)</Ustrd></RmtInf></TxDtls></NtryDtls></Ntry><Ntry><Amt Ccy="CZK">269</Amt><CdtDbtInd>DBIT</CdtDbtInd><Sts>BOOK</Sts><BookgDt><Dt>2020-10-09+02:00</Dt></BookgDt><ValDt><Dt>2020-10-09+02:00</Dt></ValDt><BkTxCd><Prtry><Cd>555</Cd></Prtry></BkTxCd><NtryDtls><TxDtls><Refs><ChqNb>************6579</ChqNb></Refs><Amt Ccy="CZK">269</Amt><CdtDbtInd>DBIT</CdtDbtInd><RltdPties><Cdtr><Nm>VAPRIO</Nm><PstlAdr><TwnNm>PRAHA 6</TwnNm></PstlAdr></Cdtr></RltdPties></TxDtls></NtryDtls></Ntry><Ntry><Amt Ccy="CZK">99</Amt><CdtDbtInd>DBIT</CdtDbtInd><Sts>BOOK</Sts><BookgDt><Dt>2020-10-09+02:00</Dt></BookgDt><ValDt><Dt>2020-10-09+02:00</Dt></ValDt><BkTxCd><Prtry><Cd>555</Cd></Prtry></BkTxCd><NtryDtls><TxDtls><Refs><ChqNb>************6579</ChqNb></Refs><Amt Ccy="CZK">99</Amt><CdtDbtInd>DBIT</CdtDbtInd><RltdPties><Cdtr><Nm>VAPRIO</Nm><PstlAdr><TwnNm>PRAHA 6</TwnNm></PstlAdr></Cdtr></RltdPties></TxDtls></NtryDtls></Ntry><Ntry><Amt Ccy="CZK">160</Amt><CdtDbtInd>DBIT</CdtDbtInd><Sts>BOOK</Sts><BookgDt><Dt>2020-10-13+02:00</Dt></BookgDt><ValDt><Dt>2020-10-13+02:00</Dt></ValDt><BkTxCd><Prtry><Cd>555</Cd></Prtry></BkTxCd><NtryDtls><TxDtls><Refs><ChqNb>************6579</ChqNb></Refs><Amt Ccy="CZK">160</Amt><CdtDbtInd>DBIT</CdtDbtInd><RltdPties><Cdtr><Nm>TON KIN</Nm><PstlAdr><TwnNm>PRAHA 6</TwnNm></PstlAdr></Cdtr></RltdPties></TxDtls></NtryDtls></Ntry><Ntry><Amt Ccy="CZK">99.8</Amt><CdtDbtInd>DBIT</CdtDbtInd><Sts>BOOK</Sts><BookgDt><Dt>2020-10-20+02:00</Dt></BookgDt><ValDt><Dt>2020-10-20+02:00</Dt></ValDt><BkTxCd><Prtry><Cd>555</Cd></Prtry></BkTxCd><NtryDtls><TxDtls><Refs><ChqNb>************6579</ChqNb></Refs><Amt Ccy="CZK">99.8</Amt><CdtDbtInd>DBIT</CdtDbtInd><RltdPties><Cdtr><Nm>ALBERT VAM DEKUJE</Nm><PstlAdr><TwnNm>PRAHA 6</TwnNm></PstlAdr></Cdtr></RltdPties></TxDtls></NtryDtls></Ntry><Ntry><Amt Ccy="CZK">12.07</Amt><CdtDbtInd>DBIT</CdtDbtInd><Sts>BOOK</Sts><BookgDt><Dt>2020-10-23+02:00</Dt></BookgDt><ValDt><Dt>2020-10-23+02:00</Dt></ValDt><BkTxCd><Prtry><Cd>555</Cd></Prtry></BkTxCd><NtryDtls><TxDtls><Refs><ChqNb>************6579</ChqNb></Refs><Amt Ccy="CZK">12.07</Amt><CdtDbtInd>DBIT</CdtDbtInd><RltdPties><Cdtr><Nm>BENEFIT PLUS</Nm><PstlAdr><TwnNm>PRAHA - NUSLE</TwnNm></PstlAdr></Cdtr></RltdPties></TxDtls></NtryDtls></Ntry><Ntry><Amt Ccy="CZK">120</Amt><CdtDbtInd>DBIT</CdtDbtInd><Sts>BOOK</Sts><BookgDt><Dt>2020-10-23+02:00</Dt></BookgDt><ValDt><Dt>2020-10-23+02:00</Dt></ValDt><BkTxCd><Prtry><Cd>555</Cd></Prtry></BkTxCd><NtryDtls><TxDtls><Refs><ChqNb>************6579</ChqNb></Refs><Amt Ccy="CZK">120</Amt><CdtDbtInd>DBIT</CdtDbtInd><RltdPties><Cdtr><Nm>TON KIN</Nm><PstlAdr><TwnNm>PRAHA 6</TwnNm></PstlAdr></Cdtr></RltdPties></TxDtls></NtryDtls></Ntry><Ntry><Amt Ccy="CZK">167</Amt><CdtDbtInd>DBIT</CdtDbtInd><Sts>BOOK</Sts><BookgDt><Dt>2020-10-24+02:00</Dt></BookgDt><ValDt><Dt>2020-10-24+02:00</Dt></ValDt><BkTxCd><Prtry><Cd>555</Cd></Prtry></BkTxCd><NtryDtls><TxDtls><Refs><ChqNb>************6579</ChqNb></Refs><Amt Ccy="CZK">167</Amt><CdtDbtInd>DBIT</CdtDbtInd><RltdPties><Cdtr><Nm>TON KIN</Nm><PstlAdr><TwnNm>PRAHA 6</TwnNm></PstlAdr></Cdtr></RltdPties></TxDtls></NtryDtls></Ntry><Ntry><Amt Ccy="CZK">105.4</Amt><CdtDbtInd>DBIT</CdtDbtInd><Sts>BOOK</Sts><BookgDt><Dt>2020-10-26+01:00</Dt></BookgDt><ValDt><Dt>2020-10-26+01:00</Dt></ValDt><BkTxCd><Prtry><Cd>555</Cd></Prtry></BkTxCd><NtryDtls><TxDtls><Refs><ChqNb>************6579</ChqNb></Refs><Amt Ccy="CZK">105.4</Amt><CdtDbtInd>DBIT</CdtDbtInd><RltdPties><Cdtr><Nm>Billa Praha Blox</Nm><PstlAdr><TwnNm>Praha 6</TwnNm></PstlAdr></Cdtr></RltdPties></TxDtls></NtryDtls></Ntry><Ntry><Amt Ccy="CZK">288.69</Amt><CdtDbtInd>DBIT</CdtDbtInd><Sts>BOOK</Sts><BookgDt><Dt>2020-10-27+01:00</Dt></BookgDt><ValDt><Dt>2020-10-27+01:00</Dt></ValDt><BkTxCd><Prtry><Cd>555</Cd></Prtry></BkTxCd><NtryDtls><TxDtls><Refs><ChqNb>************6579</ChqNb></Refs><Amt Ccy="CZK">288.69</Amt><CdtDbtInd>DBIT</CdtDbtInd><RltdPties><Cdtr><Nm>BENEFIT PLUS</Nm><PstlAdr><TwnNm>PRAHA - NUSLE</TwnNm></PstlAdr></Cdtr></RltdPties></TxDtls></NtryDtls></Ntry><Ntry><Amt Ccy="CZK">516.8</Amt><CdtDbtInd>DBIT</CdtDbtInd><Sts>BOOK</Sts><BookgDt><Dt>2020-10-28+01:00</Dt></BookgDt><ValDt><Dt>2020-10-28+01:00</Dt></ValDt><BkTxCd><Prtry><Cd>555</Cd></Prtry></BkTxCd><NtryDtls><TxDtls><Refs><ChqNb>************6579</ChqNb></Refs><Amt Ccy="CZK">516.8</Amt><CdtDbtInd>DBIT</CdtDbtInd><RltdPties><Cdtr><Nm>BENEFIT PLUS</Nm><PstlAdr><TwnNm>PRAHA - NUSLE</TwnNm></PstlAdr></Cdtr></RltdPties></TxDtls></NtryDtls></Ntry><Ntry><Amt Ccy="CZK">3650</Amt><CdtDbtInd>DBIT</CdtDbtInd><Sts>BOOK</Sts><BookgDt><Dt>2020-10-30+01:00</Dt></BookgDt><ValDt><Dt>2020-10-30+01:00</Dt></ValDt><BkTxCd><Prtry><Cd>555</Cd></Prtry></BkTxCd><NtryDtls><TxDtls><Refs><ChqNb>************6579</ChqNb></Refs><Amt Ccy="CZK">3650</Amt><CdtDbtInd>DBIT</CdtDbtInd><RltdPties><Cdtr><Nm>OPERATOR ICT, A.S.</Nm><PstlAdr><TwnNm>PRAHA 7</TwnNm></PstlAdr></Cdtr></RltdPties></TxDtls></NtryDtls></Ntry><Ntry><Amt Ccy="CZK">20.9</Amt><CdtDbtInd>DBIT</CdtDbtInd><Sts>BOOK</Sts><BookgDt><Dt>2020-10-30+01:00</Dt></BookgDt><ValDt><Dt>2020-10-30+01:00</Dt></ValDt><BkTxCd><Prtry><Cd>555</Cd></Prtry></BkTxCd><NtryDtls><TxDtls><Refs><ChqNb>************6579</ChqNb></Refs><Amt Ccy="CZK">20.9</Amt><CdtDbtInd>DBIT</CdtDbtInd><RltdPties><Cdtr><Nm>BENEFIT PLUS</Nm><PstlAdr><TwnNm>PRAHA - NUSLE</TwnNm></PstlAdr></Cdtr></RltdPties></TxDtls></NtryDtls></Ntry><Ntry><Amt Ccy="CZK">22.9</Amt><CdtDbtInd>DBIT</CdtDbtInd><Sts>BOOK</Sts><BookgDt><Dt>2020-10-31+01:00</Dt></BookgDt><ValDt><Dt>2020-10-31+01:00</Dt></ValDt><BkTxCd><Prtry><Cd>555</Cd></Prtry></BkTxCd><NtryDtls><TxDtls><Refs><ChqNb>************6579</ChqNb></Refs><Amt Ccy="CZK">22.9</Amt><CdtDbtInd>DBIT</CdtDbtInd><RltdPties><Cdtr><Nm>ALBERT VAM DEKUJE</Nm><PstlAdr><TwnNm>PRAHA 1</TwnNm></PstlAdr></Cdtr></RltdPties></TxDtls></NtryDtls></Ntry><Ntry><Amt Ccy="CZK">296.1</Amt><CdtDbtInd>DBIT</CdtDbtInd><Sts>BOOK</Sts><BookgDt><Dt>2020-10-31+01:00</Dt></BookgDt><ValDt><Dt>2020-10-31+01:00</Dt></ValDt><BkTxCd><Prtry><Cd>555</Cd></Prtry></BkTxCd><NtryDtls><TxDtls><Refs><ChqNb>************6579</ChqNb></Refs><Amt Ccy="CZK">296.1</Amt><CdtDbtInd>DBIT</CdtDbtInd><RltdPties><Cdtr><Nm>BENEFIT PLUS</Nm><PstlAdr><TwnNm>PRAHA - NUSLE</TwnNm></PstlAdr></Cdtr></RltdPties></TxDtls></NtryDtls></Ntry><Ntry><Amt Ccy="CZK">468</Amt><CdtDbtInd>DBIT</CdtDbtInd><Sts>BOOK</Sts><BookgDt><Dt>2020-10-31+01:00</Dt></BookgDt><ValDt><Dt>2020-10-31+01:00</Dt></ValDt><BkTxCd><Prtry><Cd>555</Cd></Prtry></BkTxCd><NtryDtls><TxDtls><Refs><ChqNb>************6579</ChqNb></Refs><Amt Ccy="CZK">468</Amt><CdtDbtInd>DBIT</CdtDbtInd><RltdPties><Cdtr><Nm>BENEFIT PLUS</Nm><PstlAdr><TwnNm>PRAHA - NUSLE</TwnNm></PstlAdr></Cdtr></RltdPties></TxDtls></NtryDtls></Ntry><Ntry><Amt Ccy="CZK">2.62</Amt><CdtDbtInd>CRDT</CdtDbtInd><Sts>BOOK</Sts><BookgDt><Dt>2020-10-31+01:00</Dt></BookgDt><ValDt><Dt>2020-11-01+01:00</Dt></ValDt><BkTxCd><Prtry><Cd>901</Cd></Prtry></BkTxCd><NtryDtls><TxDtls><Amt Ccy="CZK">2.62</Amt><CdtDbtInd>CRDT</CdtDbtInd></TxDtls></NtryDtls></Ntry><Ntry><Amt Ccy="CZK">0.39</Amt><CdtDbtInd>DBIT</CdtDbtInd><Sts>BOOK</Sts><BookgDt><Dt>2020-10-31+01:00</Dt></BookgDt><ValDt><Dt>2020-11-01+01:00</Dt></ValDt><BkTxCd><Prtry><Cd>904</Cd></Prtry></BkTxCd><NtryDtls><TxDtls><Amt Ccy="CZK">0.39</Amt><CdtDbtInd>DBIT</CdtDbtInd></TxDtls></NtryDtls></Ntry></Stmt></BkToCstmrStmt></Document>