<?xml version='1.0' encoding='UTF-8'?><Document xmlns="urn:iso:std:iso:20022:tech:xsd:camt.053.001.06"><BkToCstmrStmt><GrpHdr><MsgId>camt.053-2020-12-31-12</MsgId><CreDtTm>2021-12-25T13:00:55.005+01:00</CreDtTm><MsgRcpt><Nm>Kawecki Jakub Krzysztof</Nm><PstlAdr><StrtNm>Na Hutích</StrtNm><BldgNb>582/3</BldgNb><PstCd>16000</PstCd><TwnNm>Praha</TwnNm><Ctry>CZ</Ctry></PstlAdr></MsgRcpt></GrpHdr><Stmt><Id>CZ7461000000001029848317-2020-12-31</Id><ElctrncSeqNb>12</ElctrncSeqNb><LglSeqNb>12</LglSeqNb><CreDtTm>2020-12-31T00:00:00.000+01:00</CreDtTm><FrToDt><FrDtTm>2020-12-01T00:00:00.000+01:00</FrDtTm><ToDtTm>2020-12-31T00:00:00.000+01:00</ToDtTm></FrToDt><Acct><Id><IBAN>CZ7461000000001029848317</IBAN></Id><Ccy>CZK</Ccy><Ownr><Nm>Kawecki Jakub Krzysztof</Nm><PstlAdr><StrtNm>Na Hutích</StrtNm><BldgNb>582/3</BldgNb><PstCd>16000</PstCd><TwnNm>Praha</TwnNm><Ctry>CZ</Ctry></PstlAdr></Ownr><Svcr><FinInstnId><BICFI>EQBKCZPP</BICFI><Nm>Equa bank a.s.</Nm><Othr><Id>6100</Id></Othr></FinInstnId></Svcr></Acct><Bal><Tp><CdOrPrtry><Cd>PRCD</Cd></CdOrPrtry></Tp><Amt Ccy="CZK">276325.74</Amt><CdtDbtInd>CRDT</CdtDbtInd><Dt><Dt>2020-12-01+01:00</Dt></Dt></Bal><Bal><Tp><CdOrPrtry><Cd>CLBD</Cd></CdOrPrtry></Tp><Amt Ccy="CZK">317601.89</Amt><CdtDbtInd>CRDT</CdtDbtInd><Dt><Dt>2020-12-31+01:00</Dt></Dt></Bal><TxsSummry><TtlNtries><NbOfNtries>24</NbOfNtries><Sum>41276.15</Sum><TtlNetNtry><Amt>41276.15</Amt><CdtDbtInd>DBIT</CdtDbtInd></TtlNetNtry></TtlNtries><TtlCdtNtries><NbOfNtries>5</NbOfNtries><Sum>62909.73</Sum></TtlCdtNtries><TtlDbtNtries><NbOfNtries>19</NbOfNtries><Sum>-21633.58</Sum></TtlDbtNtries></TxsSummry><Ntry><Amt Ccy="CZK">200</Amt><CdtDbtInd>DBIT</CdtDbtInd><Sts>BOOK</Sts><BookgDt><Dt>2020-12-01+01:00</Dt></BookgDt><ValDt><Dt>2020-12-01+01:00</Dt></ValDt><BkTxCd><Prtry><Cd>555</Cd></Prtry></BkTxCd><NtryDtls><TxDtls><Refs><ChqNb>************6579</ChqNb></Refs><Amt Ccy="CZK">200</Amt><CdtDbtInd>DBIT</CdtDbtInd><RltdPties><Cdtr><Nm>MMB1264 VINOHRADSKA</Nm><PstlAdr><TwnNm>Praha 3</TwnNm></PstlAdr></Cdtr><CdtrAcct><Id><Othr><Id>1011071271</Id></Othr></Id><Nm>NOSTRO - CARD TRANSA</Nm></CdtrAcct></RltdPties><RltdAgts><CdtrAgt><FinInstnId><Nm>Equa bank a.s.</Nm><Othr><Id>6100</Id></Othr></FinInstnId></CdtrAgt></RltdAgts></TxDtls></NtryDtls></Ntry><Ntry><Amt Ccy="CZK">41.8</Amt><CdtDbtInd>DBIT</CdtDbtInd><Sts>BOOK</Sts><BookgDt><Dt>2020-12-01+01:00</Dt></BookgDt><ValDt><Dt>2020-12-01+01:00</Dt></ValDt><BkTxCd><Prtry><Cd>555</Cd></Prtry></BkTxCd><NtryDtls><TxDtls><Refs><ChqNb>************6579</ChqNb></Refs><Amt Ccy="CZK">41.8</Amt><CdtDbtInd>DBIT</CdtDbtInd><RltdPties><Cdtr><Nm>ALBERT VAM DEKUJE</Nm><PstlAdr><TwnNm>PRAHA 3</TwnNm></PstlAdr></Cdtr></RltdPties></TxDtls></NtryDtls></Ntry><Ntry><Amt Ccy="CZK">342</Amt><CdtDbtInd>DBIT</CdtDbtInd><Sts>BOOK</Sts><BookgDt><Dt>2020-12-01+01:00</Dt></BookgDt><ValDt><Dt>2020-12-01+01:00</Dt></ValDt><BkTxCd><Prtry><Cd>555</Cd></Prtry></BkTxCd><NtryDtls><TxDtls><Refs><ChqNb>************6579</ChqNb></Refs><Amt Ccy="CZK">342</Amt><CdtDbtInd>DBIT</CdtDbtInd><RltdPties><Cdtr><Nm>Lets Meat Restaura nt</Nm><PstlAdr><TwnNm>Praha 3 - Vin</TwnNm></PstlAdr></Cdtr></RltdPties></TxDtls></NtryDtls></Ntry><Ntry><Amt Ccy="CZK">248.9</Amt><CdtDbtInd>DBIT</CdtDbtInd><Sts>BOOK</Sts><BookgDt><Dt>2020-12-03+01:00</Dt></BookgDt><ValDt><Dt>2020-12-03+01:00</Dt></ValDt><BkTxCd><Prtry><Cd>555</Cd></Prtry></BkTxCd><NtryDtls><TxDtls><Refs><ChqNb>************6579</ChqNb></Refs><Amt Ccy="CZK">248.9</Amt><CdtDbtInd>DBIT</CdtDbtInd><RltdPties><Cdtr><Nm>LIDL DEKUJE ZA NAKUP</Nm><PstlAdr><TwnNm>PRAHA</TwnNm></PstlAdr></Cdtr></RltdPties></TxDtls></NtryDtls></Ntry><Ntry><Amt Ccy="CZK">70</Amt><CdtDbtInd>DBIT</CdtDbtInd><Sts>BOOK</Sts><BookgDt><Dt>2020-12-03+01:00</Dt></BookgDt><ValDt><Dt>2020-12-03+01:00</Dt></ValDt><BkTxCd><Prtry><Cd>555</Cd></Prtry></BkTxCd><NtryDtls><TxDtls><Refs><ChqNb>************6579</ChqNb></Refs><Amt Ccy="CZK">70</Amt><CdtDbtInd>DBIT</CdtDbtInd><RltdPties><Cdtr><Nm>BOLT.EU /O/2012021510</Nm><PstlAdr><TwnNm>Tallinn</TwnNm></PstlAdr></Cdtr></RltdPties></TxDtls></NtryDtls></Ntry><Ntry><Amt Ccy="CZK">30916</Amt><CdtDbtInd>CRDT</CdtDbtInd><Sts>BOOK</Sts><BookgDt><Dt>2020-12-04+01:00</Dt></BookgDt><ValDt><Dt>2020-12-04+01:00</Dt></ValDt><BkTxCd><Prtry><Cd>550</Cd></Prtry></BkTxCd><NtryDtls><TxDtls><Refs><InstrId>KS0000000138</InstrId><EndToEndId>VS0000000009</EndToEndId></Refs><Amt Ccy="CZK">30916</Amt><CdtDbtInd>CRDT</CdtDbtInd><RltdPties><DbtrAcct><Id><Othr><Id>1013384327</Id></Othr></Id><Nm>Siemens, s.r.o.</Nm></DbtrAcct></RltdPties><RltdAgts><DbtrAgt><FinInstnId><Nm>UniCredit Bank Czech Republic and Slovakia, a.s.</Nm><Othr><Id>2700</Id></Othr></FinInstnId></DbtrAgt></RltdAgts><RmtInf><Ustrd>5148 0</Ustrd></RmtInf></TxDtls></NtryDtls></Ntry><Ntry><Amt Ccy="CZK">2450</Amt><CdtDbtInd>DBIT</CdtDbtInd><Sts>BOOK</Sts><BookgDt><Dt>2020-12-04+01:00</Dt></BookgDt><ValDt><Dt>2020-12-04+01:00</Dt></ValDt><BkTxCd><Prtry><Cd>555</Cd></Prtry></BkTxCd><NtryDtls><TxDtls><Refs><ChqNb>************6579</ChqNb></Refs><Amt Ccy="CZK">2450</Amt><CdtDbtInd>DBIT</CdtDbtInd><RltdPties><Cdtr><Nm>OPERATOR ICT, A.S.</Nm><PstlAdr><TwnNm>PRAHA 7</TwnNm></PstlAdr></Cdtr></RltdPties></TxDtls></NtryDtls></Ntry><Ntry><Amt Ccy="CZK">260</Amt><CdtDbtInd>DBIT</CdtDbtInd><Sts>BOOK</Sts><BookgDt><Dt>2020-12-06+01:00</Dt></BookgDt><ValDt><Dt>2020-12-06+01:00</Dt></ValDt><BkTxCd><Prtry><Cd>555</Cd></Prtry></BkTxCd><NtryDtls><TxDtls><Refs><ChqNb>************6579</ChqNb></Refs><Amt Ccy="CZK">260</Amt><CdtDbtInd>DBIT</CdtDbtInd><RltdPties><Cdtr><Nm>Restaurace Mr. Fat</Nm><PstlAdr><TwnNm>Praha 3</TwnNm></PstlAdr></Cdtr></RltdPties></TxDtls></NtryDtls></Ntry><Ntry><Amt Ccy="CZK">100</Amt><CdtDbtInd>DBIT</CdtDbtInd><Sts>BOOK</Sts><BookgDt><Dt>2020-12-07+01:00</Dt></BookgDt><ValDt><Dt>2020-12-07+01:00</Dt></ValDt><BkTxCd><Prtry><Cd>550</Cd></Prtry></BkTxCd><NtryDtls><TxDtls><Amt Ccy="CZK">100</Amt><CdtDbtInd>DBIT</CdtDbtInd><RltdPties><CdtrAcct><Id><Othr><Id>2116976063</Id></Othr></Id></CdtrAcct></RltdPties><RltdAgts><CdtrAgt><FinInstnId><Nm>Česká spořitelna, a.s.</Nm><Othr><Id>0800</Id></Othr></FinInstnId></CdtrAgt></RltdAgts><RmtInf><Ustrd>For the flower :)</Ustrd></RmtInf></TxDtls></NtryDtls></Ntry><Ntry><Amt Ccy="CZK">31.9</Amt><CdtDbtInd>DBIT</CdtDbtInd><Sts>BOOK</Sts><BookgDt><Dt>2020-12-08+01:00</Dt></BookgDt><ValDt><Dt>2020-12-08+01:00</Dt></ValDt><BkTxCd><Prtry><Cd>555</Cd></Prtry></BkTxCd><NtryDtls><TxDtls><Refs><ChqNb>************6579</ChqNb></Refs><Amt Ccy="CZK">31.9</Amt><CdtDbtInd>DBIT</CdtDbtInd><RltdPties><Cdtr><Nm>ALBERT VAM DEKUJE</Nm><PstlAdr><TwnNm>PRAHA 3</TwnNm></PstlAdr></Cdtr></RltdPties></TxDtls></NtryDtls></Ntry><Ntry><Amt Ccy="CZK">679.3</Amt><CdtDbtInd>DBIT</CdtDbtInd><Sts>BOOK</Sts><BookgDt><Dt>2020-12-08+01:00</Dt></BookgDt><ValDt><Dt>2020-12-08+01:00</Dt></ValDt><BkTxCd><Prtry><Cd>555</Cd></Prtry></BkTxCd><NtryDtls><TxDtls><Refs><ChqNb>************6579</ChqNb></Refs><Amt Ccy="CZK">679.3</Amt><CdtDbtInd>DBIT</CdtDbtInd><RltdPties><Cdtr><Nm>Tesco Praha Eden</Nm><PstlAdr><TwnNm>Praha 10</TwnNm></PstlAdr></Cdtr></RltdPties></TxDtls></NtryDtls></Ntry><Ntry><Amt Ccy="CZK">89</Amt><CdtDbtInd>DBIT</CdtDbtInd><Sts>BOOK</Sts><BookgDt><Dt>2020-12-08+01:00</Dt></BookgDt><ValDt><Dt>2020-12-08+01:00</Dt></ValDt><BkTxCd><Prtry><Cd>555</Cd></Prtry></BkTxCd><NtryDtls><TxDtls><Refs><ChqNb>************6579</ChqNb></Refs><Amt Ccy="CZK">89</Amt><CdtDbtInd>DBIT</CdtDbtInd><RltdPties><Cdtr><Nm>PEPCO</Nm><PstlAdr><TwnNm>Praha</TwnNm></PstlAdr></Cdtr></RltdPties></TxDtls></NtryDtls></Ntry><Ntry><Amt Ccy="CZK">30441</Amt><CdtDbtInd>CRDT</CdtDbtInd><Sts>BOOK</Sts><BookgDt><Dt>2020-12-08+01:00</Dt></BookgDt><ValDt><Dt>2020-12-08+01:00</Dt></ValDt><BkTxCd><Prtry><Cd>550</Cd></Prtry></BkTxCd><NtryDtls><TxDtls><Refs><InstrId>KS0000000138</InstrId><EndToEndId>VS0009991120</EndToEndId></Refs><Amt Ccy="CZK">30441</Amt><CdtDbtInd>CRDT</CdtDbtInd><RltdPties><DbtrAcct><Id><Othr><Id>2111709855</Id></Othr></Id><Nm>ANHEUSER-BUSCH INBEV</Nm></DbtrAcct></RltdPties><RltdAgts><DbtrAgt><FinInstnId><Nm>UniCredit Bank Czech Republic and Slovakia, a.s.</Nm><Othr><Id>2700</Id></Othr></FinInstnId></DbtrAgt></RltdAgts><RmtInf><Ustrd>IO337CZ00013XPY 2822811CZ5121297ITKOWIAK KLAUDIAVS9991120 KS01389991120</Ustrd></RmtInf></TxDtls></NtryDtls></Ntry><Ntry><Amt Ccy="CZK">450</Amt><CdtDbtInd>CRDT</CdtDbtInd><Sts>BOOK</Sts><BookgDt><Dt>2020-12-09+01:00</Dt></BookgDt><ValDt><Dt>2020-12-09+01:00</Dt></ValDt><BkTxCd><Prtry><Cd>560</Cd></Prtry></BkTxCd><NtryDtls><TxDtls><Amt Ccy="CZK">450</Amt><CdtDbtInd>CRDT</CdtDbtInd><RltdPties><DbtrAcct><Id><Othr><Id>2856694002</Id></Othr></Id><Nm>Viktoria Solárová</Nm></DbtrAcct></RltdPties><RltdAgts><DbtrAgt><FinInstnId><Nm>Raiffeisenbank a.s.</Nm><Othr><Id>5500</Id></Othr></FinInstnId></DbtrAgt></RltdAgts><RmtInf><Ustrd>Desk</Ustrd></RmtInf></TxDtls></NtryDtls></Ntry><Ntry><Amt Ccy="CZK">129.7</Amt><CdtDbtInd>DBIT</CdtDbtInd><Sts>BOOK</Sts><BookgDt><Dt>2020-12-11+01:00</Dt></BookgDt><ValDt><Dt>2020-12-11+01:00</Dt></ValDt><BkTxCd><Prtry><Cd>555</Cd></Prtry></BkTxCd><NtryDtls><TxDtls><Refs><ChqNb>************6579</ChqNb></Refs><Amt Ccy="CZK">129.7</Amt><CdtDbtInd>DBIT</CdtDbtInd><RltdPties><Cdtr><Nm>LIDL DEKUJE ZA NAKUP</Nm><PstlAdr><TwnNm>PRAHA</TwnNm></PstlAdr></Cdtr></RltdPties></TxDtls></NtryDtls></Ntry><Ntry><Amt Ccy="CZK">1100</Amt><CdtDbtInd>CRDT</CdtDbtInd><Sts>BOOK</Sts><BookgDt><Dt>2020-12-15+01:00</Dt></BookgDt><ValDt><Dt>2020-12-15+01:00</Dt></ValDt><BkTxCd><Prtry><Cd>550</Cd></Prtry></BkTxCd><NtryDtls><TxDtls><Amt Ccy="CZK">1100</Amt><CdtDbtInd>CRDT</CdtDbtInd><RltdPties><DbtrAcct><Id><Othr><Id>2114509883</Id></Othr></Id><Nm>Gluszek Maciej Dariu</Nm></DbtrAcct></RltdPties><RltdAgts><DbtrAgt><FinInstnId><Nm>UniCredit Bank Czech Republic and Slovakia, a.s.</Nm><Othr><Id>2700</Id></Othr></FinInstnId></DbtrAgt></RltdAgts><RmtInf><Ustrd>Maciej</Ustrd></RmtInf></TxDtls></NtryDtls></Ntry><Ntry><Amt Ccy="CZK">74.2</Amt><CdtDbtInd>DBIT</CdtDbtInd><Sts>BOOK</Sts><BookgDt><Dt>2020-12-17+01:00</Dt></BookgDt><ValDt><Dt>2020-12-17+01:00</Dt></ValDt><BkTxCd><Prtry><Cd>555</Cd></Prtry></BkTxCd><NtryDtls><TxDtls><Refs><ChqNb>************6579</ChqNb></Refs><Amt Ccy="CZK">74.2</Amt><CdtDbtInd>DBIT</CdtDbtInd><RltdPties><Cdtr><Nm>ALBERT VAM DEKUJE</Nm><PstlAdr><TwnNm>PRAHA 3</TwnNm></PstlAdr></Cdtr></RltdPties></TxDtls></NtryDtls></Ntry><Ntry><Amt Ccy="CZK">49.9</Amt><CdtDbtInd>DBIT</CdtDbtInd><Sts>BOOK</Sts><BookgDt><Dt>2020-12-17+01:00</Dt></BookgDt><ValDt><Dt>2020-12-17+01:00</Dt></ValDt><BkTxCd><Prtry><Cd>555</Cd></Prtry></BkTxCd><NtryDtls><TxDtls><Refs><ChqNb>************6579</ChqNb></Refs><Amt Ccy="CZK">49.9</Amt><CdtDbtInd>DBIT</CdtDbtInd><RltdPties><Cdtr><Nm>ALBERT VAM DEKUJE</Nm><PstlAdr><TwnNm>PRAHA 2</TwnNm></PstlAdr></Cdtr></RltdPties></TxDtls></NtryDtls></Ntry><Ntry><Amt Ccy="CZK">1578</Amt><CdtDbtInd>DBIT</CdtDbtInd><Sts>BOOK</Sts><BookgDt><Dt>2020-12-18+01:00</Dt></BookgDt><ValDt><Dt>2020-12-18+01:00</Dt></ValDt><BkTxCd><Prtry><Cd>555</Cd></Prtry></BkTxCd><NtryDtls><TxDtls><Refs><ChqNb>************6579</ChqNb></Refs><Amt Ccy="CZK">1578</Amt><CdtDbtInd>DBIT</CdtDbtInd><RltdPties><Cdtr><Nm>propub.cz</Nm><PstlAdr><TwnNm>Praha</TwnNm></PstlAdr></Cdtr></RltdPties></TxDtls></NtryDtls></Ntry><Ntry><Amt Ccy="CZK">139.8</Amt><CdtDbtInd>DBIT</CdtDbtInd><Sts>BOOK</Sts><BookgDt><Dt>2020-12-28+01:00</Dt></BookgDt><ValDt><Dt>2020-12-28+01:00</Dt></ValDt><BkTxCd><Prtry><Cd>550</Cd></Prtry></BkTxCd><NtryDtls><TxDtls><Refs><EndToEndId>VS9257849168</EndToEndId></Refs><Amt Ccy="CZK">139.8</Amt><CdtDbtInd>DBIT</CdtDbtInd><RltdPties><CdtrAcct><Id><Othr><Id>19-2235210247</Id></Othr></Id></CdtrAcct></RltdPties><RltdAgts><CdtrAgt><FinInstnId><Nm>Česká spořitelna, a.s.</Nm><Othr><Id>0800</Id></Othr></FinInstnId></CdtrAgt></RltdAgts><RmtInf><Ustrd>T-Mobile internet - DEC</Ustrd></RmtInf></TxDtls></NtryDtls></Ntry><Ntry><Amt Ccy="CZK">14000</Amt><CdtDbtInd>DBIT</CdtDbtInd><Sts>BOOK</Sts><BookgDt><Dt>2020-12-28+01:00</Dt></BookgDt><ValDt><Dt>2020-12-28+01:00</Dt></ValDt><BkTxCd><Prtry><Cd>550</Cd></Prtry></BkTxCd><NtryDtls><TxDtls><Amt Ccy="CZK">14000</Amt><CdtDbtInd>DBIT</CdtDbtInd><RltdPties><CdtrAcct><Id><Othr><Id>27-1352660277</Id></Othr></Id></CdtrAcct></RltdPties><RltdAgts><CdtrAgt><FinInstnId><Nm>Komerční banka, a.s.</Nm><Othr><Id>0100</Id></Othr></FinInstnId></CdtrAgt></RltdAgts><RmtInf><Ustrd>Najemne + zaloha (Pisecka)</Ustrd></RmtInf></TxDtls></NtryDtls></Ntry><Ntry><Amt Ccy="CZK">1148.67</Amt><CdtDbtInd>DBIT</CdtDbtInd><Sts>BOOK</Sts><BookgDt><Dt>2020-12-29+01:00</Dt></BookgDt><ValDt><Dt>2020-12-29+01:00</Dt></ValDt><BkTxCd><Prtry><Cd>555</Cd></Prtry></BkTxCd><NtryDtls><TxDtls><Refs><ChqNb>************6579</ChqNb></Refs><Amt Ccy="CZK">1148.67</Amt><CdtDbtInd>DBIT</CdtDbtInd><RltdPties><Cdtr><Nm>ALIEXPRESS.COM aliexpr</Nm><PstlAdr><TwnNm>Luxemburg</TwnNm></PstlAdr></Cdtr></RltdPties></TxDtls></NtryDtls></Ntry><Ntry><Amt Ccy="CZK">2.73</Amt><CdtDbtInd>CRDT</CdtDbtInd><Sts>BOOK</Sts><BookgDt><Dt>2020-12-31+01:00</Dt></BookgDt><ValDt><Dt>2021-01-01+01:00</Dt></ValDt><BkTxCd><Prtry><Cd>901</Cd></Prtry></BkTxCd><NtryDtls><TxDtls><Amt Ccy="CZK">2.73</Amt><CdtDbtInd>CRDT</CdtDbtInd></TxDtls></NtryDtls></Ntry><Ntry><Amt Ccy="CZK">0.41</Amt><CdtDbtInd>DBIT</CdtDbtInd><Sts>BOOK</Sts><BookgDt><Dt>2020-12-31+01:00</Dt></BookgDt><ValDt><Dt>2021-01-01+01:00</Dt></ValDt><BkTxCd><Prtry><Cd>904</Cd></Prtry></BkTxCd><NtryDtls><TxDtls><Amt Ccy="CZK">0.41</Amt><CdtDbtInd>DBIT</CdtDbtInd></TxDtls></NtryDtls></Ntry></Stmt></BkToCstmrStmt></Document>