<?xml version='1.0' encoding='UTF-8'?><Document xmlns="urn:iso:std:iso:20022:tech:xsd:camt.053.001.06"><BkToCstmrStmt><GrpHdr><MsgId>camt.053-2021-08-31-8</MsgId><CreDtTm>2021-12-25T13:01:08.524+01:00</CreDtTm><MsgRcpt><Nm>Kawecki Jakub Krzysztof</Nm><PstlAdr><StrtNm>Szczytnicka</StrtNm><BldgNb>36/9</BldgNb><PstCd>50382</PstCd><TwnNm>Wrocław</TwnNm><Ctry>CZ</Ctry></PstlAdr></MsgRcpt></GrpHdr><Stmt><Id>CZ7461000000001029848317-2021-08-31</Id><ElctrncSeqNb>8</ElctrncSeqNb><LglSeqNb>8</LglSeqNb><CreDtTm>2021-08-31T00:00:00.000+02:00</CreDtTm><FrToDt><FrDtTm>2021-08-01T00:00:00.000+02:00</FrDtTm><ToDtTm>2021-08-31T00:00:00.000+02:00</ToDtTm></FrToDt><Acct><Id><IBAN>CZ7461000000001029848317</IBAN></Id><Ccy>CZK</Ccy><Ownr><Nm>Kawecki Jakub Krzysztof</Nm><PstlAdr><StrtNm>Szczytnicka</StrtNm><BldgNb>36/9</BldgNb><PstCd>50382</PstCd><TwnNm>Wrocław</TwnNm><Ctry>CZ</Ctry></PstlAdr></Ownr><Svcr><FinInstnId><BICFI>EQBKCZPP</BICFI><Nm>Equa bank a.s.</Nm><Othr><Id>6100</Id></Othr></FinInstnId></Svcr></Acct><Bal><Tp><CdOrPrtry><Cd>PRCD</Cd></CdOrPrtry></Tp><Amt Ccy="CZK">456509.93</Amt><CdtDbtInd>CRDT</CdtDbtInd><Dt><Dt>2021-08-01+02:00</Dt></Dt></Bal><Bal><Tp><CdOrPrtry><Cd>CLBD</Cd></CdOrPrtry></Tp><Amt Ccy="CZK">427377.59</Amt><CdtDbtInd>CRDT</CdtDbtInd><Dt><Dt>2021-08-31+02:00</Dt></Dt></Bal><TxsSummry><TtlNtries><NbOfNtries>38</NbOfNtries><Sum>-29132.34</Sum><TtlNetNtry><Amt>29132.34</Amt><CdtDbtInd>CRDT</CdtDbtInd></TtlNetNtry></TtlNtries><TtlCdtNtries><NbOfNtries>3</NbOfNtries><Sum>77206.92</Sum></TtlCdtNtries><TtlDbtNtries><NbOfNtries>35</NbOfNtries><Sum>-106339.26</Sum></TtlDbtNtries></TxsSummry><Ntry><Amt Ccy="CZK">3007</Amt><CdtDbtInd>DBIT</CdtDbtInd><Sts>BOOK</Sts><BookgDt><Dt>2021-08-02+02:00</Dt></BookgDt><ValDt><Dt>2021-08-02+02:00</Dt></ValDt><BkTxCd><Prtry><Cd>555</Cd></Prtry></BkTxCd><NtryDtls><TxDtls><Refs><ChqNb>************6579</ChqNb></Refs><Amt Ccy="CZK">3007</Amt><CdtDbtInd>DBIT</CdtDbtInd><RltdPties><Cdtr><Nm>IKEA CERNY MOST OD</Nm><PstlAdr><TwnNm>Praha 9 Cerny</TwnNm></PstlAdr></Cdtr></RltdPties></TxDtls></NtryDtls></Ntry><Ntry><Amt Ccy="CZK">1403</Amt><CdtDbtInd>DBIT</CdtDbtInd><Sts>BOOK</Sts><BookgDt><Dt>2021-08-03+02:00</Dt></BookgDt><ValDt><Dt>2021-08-03+02:00</Dt></ValDt><BkTxCd><Prtry><Cd>555</Cd></Prtry></BkTxCd><NtryDtls><TxDtls><Refs><ChqNb>************6579</ChqNb></Refs><Amt Ccy="CZK">1403</Amt><CdtDbtInd>DBIT</CdtDbtInd><RltdPties><Cdtr><Nm>na3D s.r.o.</Nm><PstlAdr><TwnNm>Jabl. n. B.</TwnNm></PstlAdr></Cdtr></RltdPties></TxDtls></NtryDtls></Ntry><Ntry><Amt Ccy="CZK">6000</Amt><CdtDbtInd>DBIT</CdtDbtInd><Sts>BOOK</Sts><BookgDt><Dt>2021-08-03+02:00</Dt></BookgDt><ValDt><Dt>2021-08-03+02:00</Dt></ValDt><BkTxCd><Prtry><Cd>555</Cd></Prtry></BkTxCd><NtryDtls><TxDtls><Refs><ChqNb>************6579</ChqNb></Refs><Amt Ccy="CZK">6000</Amt><CdtDbtInd>DBIT</CdtDbtInd><RltdPties><Cdtr><Nm>Revolut- - 5966</Nm><PstlAdr><TwnNm>internet</TwnNm></PstlAdr></Cdtr></RltdPties></TxDtls></NtryDtls></Ntry><Ntry><Amt Ccy="CZK">700</Amt><CdtDbtInd>DBIT</CdtDbtInd><Sts>BOOK</Sts><BookgDt><Dt>2021-08-04+02:00</Dt></BookgDt><ValDt><Dt>2021-08-04+02:00</Dt></ValDt><BkTxCd><Prtry><Cd>555</Cd></Prtry></BkTxCd><NtryDtls><TxDtls><Refs><ChqNb>************6579</ChqNb></Refs><Amt Ccy="CZK">700</Amt><CdtDbtInd>DBIT</CdtDbtInd><RltdPties><Cdtr><Nm>CESKA SPORITELNA, A.S.</Nm><PstlAdr><TwnNm>PRAHA 3</TwnNm></PstlAdr></Cdtr><CdtrAcct><Id><Othr><Id>1011071271</Id></Othr></Id><Nm>NOSTRO - CARD TRANSA</Nm></CdtrAcct></RltdPties><RltdAgts><CdtrAgt><FinInstnId><Nm>Equa bank a.s.</Nm><Othr><Id>6100</Id></Othr></FinInstnId></CdtrAgt></RltdAgts></TxDtls></NtryDtls></Ntry><Ntry><Amt Ccy="CZK">41919</Amt><CdtDbtInd>CRDT</CdtDbtInd><Sts>BOOK</Sts><BookgDt><Dt>2021-08-05+02:00</Dt></BookgDt><ValDt><Dt>2021-08-05+02:00</Dt></ValDt><BkTxCd><Prtry><Cd>550</Cd></Prtry></BkTxCd><NtryDtls><TxDtls><Refs><InstrId>KS0000000138</InstrId><EndToEndId>VS0000000009</EndToEndId></Refs><Amt Ccy="CZK">41919</Amt><CdtDbtInd>CRDT</CdtDbtInd><RltdPties><DbtrAcct><Id><Othr><Id>1013384327</Id></Othr></Id><Nm>Siemens, s.r.o.</Nm></DbtrAcct></RltdPties><RltdAgts><DbtrAgt><FinInstnId><Nm>UniCredit Bank Czech Republic and Slovakia, a.s.</Nm><Othr><Id>2700</Id></Othr></FinInstnId></DbtrAgt></RltdAgts><RmtInf><Ustrd>5148 20120</Ustrd></RmtInf></TxDtls></NtryDtls></Ntry><Ntry><Amt Ccy="CZK">200</Amt><CdtDbtInd>DBIT</CdtDbtInd><Sts>BOOK</Sts><BookgDt><Dt>2021-08-05+02:00</Dt></BookgDt><ValDt><Dt>2021-08-05+02:00</Dt></ValDt><BkTxCd><Prtry><Cd>555</Cd></Prtry></BkTxCd><NtryDtls><TxDtls><Refs><ChqNb>************6579</ChqNb></Refs><Amt Ccy="CZK">200</Amt><CdtDbtInd>DBIT</CdtDbtInd><RltdPties><Cdtr><Nm>LEZECKE CENTRUM</Nm><PstlAdr><TwnNm>PRAHA 5</TwnNm></PstlAdr></Cdtr></RltdPties></TxDtls></NtryDtls></Ntry><Ntry><Amt Ccy="CZK">35284</Amt><CdtDbtInd>CRDT</CdtDbtInd><Sts>BOOK</Sts><BookgDt><Dt>2021-08-06+02:00</Dt></BookgDt><ValDt><Dt>2021-08-06+02:00</Dt></ValDt><BkTxCd><Prtry><Cd>550</Cd></Prtry></BkTxCd><NtryDtls><TxDtls><Refs><InstrId>KS0000000138</InstrId><EndToEndId>VS0009990721</EndToEndId></Refs><Amt Ccy="CZK">35284</Amt><CdtDbtInd>CRDT</CdtDbtInd><RltdPties><DbtrAcct><Id><Othr><Id>2111709855</Id></Othr></Id><Nm>ANHEUSER-BUSCH INBEV</Nm></DbtrAcct></RltdPties><RltdAgts><DbtrAgt><FinInstnId><Nm>UniCredit Bank Czech Republic and Slovakia, a.s.</Nm><Othr><Id>2700</Id></Othr></FinInstnId></DbtrAgt></RltdAgts><RmtInf><Ustrd>IO217CZ13200XPY 0PS8BLV6MDW4Itkowiak KlaudiaVS9990721 KS01389990721</Ustrd></RmtInf></TxDtls></NtryDtls></Ntry><Ntry><Amt Ccy="CZK">98</Amt><CdtDbtInd>DBIT</CdtDbtInd><Sts>BOOK</Sts><BookgDt><Dt>2021-08-06+02:00</Dt></BookgDt><ValDt><Dt>2021-08-06+02:00</Dt></ValDt><BkTxCd><Prtry><Cd>555</Cd></Prtry></BkTxCd><NtryDtls><TxDtls><Refs><ChqNb>************6579</ChqNb></Refs><Amt Ccy="CZK">98</Amt><CdtDbtInd>DBIT</CdtDbtInd><RltdPties><Cdtr><Nm>GOPAY -PAJENICKO.CZ</Nm><PstlAdr><TwnNm>https://pajen</TwnNm></PstlAdr></Cdtr></RltdPties></TxDtls></NtryDtls></Ntry><Ntry><Amt Ccy="CZK">78</Amt><CdtDbtInd>DBIT</CdtDbtInd><Sts>BOOK</Sts><BookgDt><Dt>2021-08-06+02:00</Dt></BookgDt><ValDt><Dt>2021-08-06+02:00</Dt></ValDt><BkTxCd><Prtry><Cd>555</Cd></Prtry></BkTxCd><NtryDtls><TxDtls><Refs><ChqNb>************6579</ChqNb></Refs><Amt Ccy="CZK">78</Amt><CdtDbtInd>DBIT</CdtDbtInd><RltdPties><Cdtr><Nm>GOPAY -PAJENICKO.CZ</Nm><PstlAdr><TwnNm>https://pajen</TwnNm></PstlAdr></Cdtr></RltdPties></TxDtls></NtryDtls></Ntry><Ntry><Amt Ccy="CZK">129.8</Amt><CdtDbtInd>DBIT</CdtDbtInd><Sts>BOOK</Sts><BookgDt><Dt>2021-08-06+02:00</Dt></BookgDt><ValDt><Dt>2021-08-06+02:00</Dt></ValDt><BkTxCd><Prtry><Cd>555</Cd></Prtry></BkTxCd><NtryDtls><TxDtls><Refs><ChqNb>************6579</ChqNb></Refs><Amt Ccy="CZK">129.8</Amt><CdtDbtInd>DBIT</CdtDbtInd><RltdPties><Cdtr><Nm>ALBERT VAM DEKUJE</Nm><PstlAdr><TwnNm>PRAHA 3</TwnNm></PstlAdr></Cdtr></RltdPties></TxDtls></NtryDtls></Ntry><Ntry><Amt Ccy="CZK">1124.57</Amt><CdtDbtInd>DBIT</CdtDbtInd><Sts>BOOK</Sts><BookgDt><Dt>2021-08-10+02:00</Dt></BookgDt><ValDt><Dt>2021-08-10+02:00</Dt></ValDt><BkTxCd><Prtry><Cd>555</Cd></Prtry></BkTxCd><NtryDtls><TxDtls><Refs><ChqNb>************6579</ChqNb></Refs><Amt Ccy="CZK">1124.57</Amt><CdtDbtInd>DBIT</CdtDbtInd><RltdPties><Cdtr><Nm>LIDL DEKUJE ZA NAKUP</Nm><PstlAdr><TwnNm>PRAHA 10</TwnNm></PstlAdr></Cdtr></RltdPties></TxDtls></NtryDtls></Ntry><Ntry><Amt Ccy="CZK">64</Amt><CdtDbtInd>DBIT</CdtDbtInd><Sts>BOOK</Sts><BookgDt><Dt>2021-08-10+02:00</Dt></BookgDt><ValDt><Dt>2021-08-10+02:00</Dt></ValDt><BkTxCd><Prtry><Cd>555</Cd></Prtry></BkTxCd><NtryDtls><TxDtls><Refs><ChqNb>************6579</ChqNb></Refs><Amt Ccy="CZK">64</Amt><CdtDbtInd>DBIT</CdtDbtInd><RltdPties><Cdtr><Nm>KASARNA KARLIN</Nm><PstlAdr><TwnNm>KARLIN</TwnNm></PstlAdr></Cdtr></RltdPties></TxDtls></NtryDtls></Ntry><Ntry><Amt Ccy="CZK">423</Amt><CdtDbtInd>DBIT</CdtDbtInd><Sts>BOOK</Sts><BookgDt><Dt>2021-08-10+02:00</Dt></BookgDt><ValDt><Dt>2021-08-10+02:00</Dt></ValDt><BkTxCd><Prtry><Cd>555</Cd></Prtry></BkTxCd><NtryDtls><TxDtls><Refs><ChqNb>************6579</ChqNb></Refs><Amt Ccy="CZK">423</Amt><CdtDbtInd>DBIT</CdtDbtInd><RltdPties><Cdtr><Nm>PAVEL KUSY OLSANY</Nm><PstlAdr><TwnNm>PRAHA 3</TwnNm></PstlAdr></Cdtr></RltdPties></TxDtls></NtryDtls></Ntry><Ntry><Amt Ccy="CZK">25</Amt><CdtDbtInd>DBIT</CdtDbtInd><Sts>BOOK</Sts><BookgDt><Dt>2021-08-11+02:00</Dt></BookgDt><ValDt><Dt>2021-08-11+02:00</Dt></ValDt><BkTxCd><Prtry><Cd>555</Cd></Prtry></BkTxCd><NtryDtls><TxDtls><Refs><ChqNb>************6579</ChqNb></Refs><Amt Ccy="CZK">25</Amt><CdtDbtInd>DBIT</CdtDbtInd><RltdPties><Cdtr><Nm>POTRAVINY VECERKA</Nm><PstlAdr><TwnNm>PRAHA</TwnNm></PstlAdr></Cdtr></RltdPties></TxDtls></NtryDtls></Ntry><Ntry><Amt Ccy="CZK">68245</Amt><CdtDbtInd>DBIT</CdtDbtInd><Sts>BOOK</Sts><BookgDt><Dt>2021-08-13+02:00</Dt></BookgDt><ValDt><Dt>2021-08-13+02:00</Dt></ValDt><BkTxCd><Prtry><Cd>550</Cd></Prtry></BkTxCd><NtryDtls><TxDtls><Amt Ccy="CZK">68245</Amt><CdtDbtInd>DBIT</CdtDbtInd><RltdPties><CdtrAcct><Id><Othr><Id>1033559489</Id></Othr></Id><Nm>Klaudia Itkowiak</Nm></CdtrAcct></RltdPties><RltdAgts><CdtrAgt><FinInstnId><Nm>Equa bank a.s.</Nm><Othr><Id>6100</Id></Othr></FinInstnId></CdtrAgt></RltdAgts><RmtInf><Ustrd>Na kino</Ustrd></RmtInf></TxDtls></NtryDtls></Ntry><Ntry><Amt Ccy="CZK">1082</Amt><CdtDbtInd>DBIT</CdtDbtInd><Sts>BOOK</Sts><BookgDt><Dt>2021-08-16+02:00</Dt></BookgDt><ValDt><Dt>2021-08-16+02:00</Dt></ValDt><BkTxCd><Prtry><Cd>555</Cd></Prtry></BkTxCd><NtryDtls><TxDtls><Refs><ChqNb>************6579</ChqNb></Refs><Amt Ccy="CZK">1082</Amt><CdtDbtInd>DBIT</CdtDbtInd><RltdPties><Cdtr><Nm>OBI Praha-Roztyly</Nm><PstlAdr><TwnNm>Praha-Roztyly</TwnNm></PstlAdr></Cdtr></RltdPties></TxDtls></NtryDtls></Ntry><Ntry><Amt Ccy="CZK">150</Amt><CdtDbtInd>DBIT</CdtDbtInd><Sts>BOOK</Sts><BookgDt><Dt>2021-08-16+02:00</Dt></BookgDt><ValDt><Dt>2021-08-16+02:00</Dt></ValDt><BkTxCd><Prtry><Cd>555</Cd></Prtry></BkTxCd><NtryDtls><TxDtls><Refs><ChqNb>************6579</ChqNb></Refs><Amt Ccy="CZK">150</Amt><CdtDbtInd>DBIT</CdtDbtInd><RltdPties><Cdtr><Nm>POTRAVINY VECERKA</Nm><PstlAdr><TwnNm>PRAHA</TwnNm></PstlAdr></Cdtr></RltdPties></TxDtls></NtryDtls></Ntry><Ntry><Amt Ccy="CZK">49.9</Amt><CdtDbtInd>DBIT</CdtDbtInd><Sts>BOOK</Sts><BookgDt><Dt>2021-08-16+02:00</Dt></BookgDt><ValDt><Dt>2021-08-16+02:00</Dt></ValDt><BkTxCd><Prtry><Cd>555</Cd></Prtry></BkTxCd><NtryDtls><TxDtls><Refs><ChqNb>************6579</ChqNb></Refs><Amt Ccy="CZK">49.9</Amt><CdtDbtInd>DBIT</CdtDbtInd><RltdPties><Cdtr><Nm>ALBERT VAM DEKUJE</Nm><PstlAdr><TwnNm>PRAHA 3</TwnNm></PstlAdr></Cdtr></RltdPties></TxDtls></NtryDtls></Ntry><Ntry><Amt Ccy="CZK">310</Amt><CdtDbtInd>DBIT</CdtDbtInd><Sts>BOOK</Sts><BookgDt><Dt>2021-08-16+02:00</Dt></BookgDt><ValDt><Dt>2021-08-16+02:00</Dt></ValDt><BkTxCd><Prtry><Cd>555</Cd></Prtry></BkTxCd><NtryDtls><TxDtls><Refs><ChqNb>************6579</ChqNb></Refs><Amt Ccy="CZK">310</Amt><CdtDbtInd>DBIT</CdtDbtInd><RltdPties><Cdtr><Nm>TON KIN</Nm><PstlAdr><TwnNm>PRAHA 6</TwnNm></PstlAdr></Cdtr></RltdPties></TxDtls></NtryDtls></Ntry><Ntry><Amt Ccy="CZK">16</Amt><CdtDbtInd>DBIT</CdtDbtInd><Sts>BOOK</Sts><BookgDt><Dt>2021-08-17+02:00</Dt></BookgDt><ValDt><Dt>2021-08-17+02:00</Dt></ValDt><BkTxCd><Prtry><Cd>555</Cd></Prtry></BkTxCd><NtryDtls><TxDtls><Refs><ChqNb>************6579</ChqNb></Refs><Amt Ccy="CZK">16</Amt><CdtDbtInd>DBIT</CdtDbtInd><RltdPties><Cdtr><Nm>POTRAVINY VECERKA</Nm><PstlAdr><TwnNm>PRAHA</TwnNm></PstlAdr></Cdtr></RltdPties></TxDtls></NtryDtls></Ntry><Ntry><Amt Ccy="CZK">48</Amt><CdtDbtInd>DBIT</CdtDbtInd><Sts>BOOK</Sts><BookgDt><Dt>2021-08-21+02:00</Dt></BookgDt><ValDt><Dt>2021-08-21+02:00</Dt></ValDt><BkTxCd><Prtry><Cd>555</Cd></Prtry></BkTxCd><NtryDtls><TxDtls><Refs><ChqNb>************6579</ChqNb></Refs><Amt Ccy="CZK">48</Amt><CdtDbtInd>DBIT</CdtDbtInd><RltdPties><Cdtr><Nm>Primator Dittrich-b</Nm><PstlAdr><TwnNm>Praha 2</TwnNm></PstlAdr></Cdtr></RltdPties></TxDtls></NtryDtls></Ntry><Ntry><Amt Ccy="CZK">58</Amt><CdtDbtInd>DBIT</CdtDbtInd><Sts>BOOK</Sts><BookgDt><Dt>2021-08-23+02:00</Dt></BookgDt><ValDt><Dt>2021-08-23+02:00</Dt></ValDt><BkTxCd><Prtry><Cd>555</Cd></Prtry></BkTxCd><NtryDtls><TxDtls><Refs><ChqNb>************6579</ChqNb></Refs><Amt Ccy="CZK">58</Amt><CdtDbtInd>DBIT</CdtDbtInd><RltdPties><Cdtr><Nm>POTRAVINY VINOHRADSKA</Nm><PstlAdr><TwnNm>PRAHA 3</TwnNm></PstlAdr></Cdtr></RltdPties></TxDtls></NtryDtls></Ntry><Ntry><Amt Ccy="CZK">35</Amt><CdtDbtInd>DBIT</CdtDbtInd><Sts>BOOK</Sts><BookgDt><Dt>2021-08-23+02:00</Dt></BookgDt><ValDt><Dt>2021-08-23+02:00</Dt></ValDt><BkTxCd><Prtry><Cd>555</Cd></Prtry></BkTxCd><NtryDtls><TxDtls><Refs><ChqNb>************6579</ChqNb></Refs><Amt Ccy="CZK">35</Amt><CdtDbtInd>DBIT</CdtDbtInd><RltdPties><Cdtr><Nm>ZMRZLINAR.CZ</Nm><PstlAdr><TwnNm>PRAHA</TwnNm></PstlAdr></Cdtr></RltdPties></TxDtls></NtryDtls></Ntry><Ntry><Amt Ccy="CZK">500</Amt><CdtDbtInd>DBIT</CdtDbtInd><Sts>BOOK</Sts><BookgDt><Dt>2021-08-23+02:00</Dt></BookgDt><ValDt><Dt>2021-08-23+02:00</Dt></ValDt><BkTxCd><Prtry><Cd>555</Cd></Prtry></BkTxCd><NtryDtls><TxDtls><Refs><ChqNb>************6579</ChqNb></Refs><Amt Ccy="CZK">500</Amt><CdtDbtInd>DBIT</CdtDbtInd><RltdPties><Cdtr><Nm>U Provaznice</Nm><PstlAdr><TwnNm>Praha 1</TwnNm></PstlAdr></Cdtr></RltdPties></TxDtls></NtryDtls></Ntry><Ntry><Amt Ccy="CZK">198</Amt><CdtDbtInd>DBIT</CdtDbtInd><Sts>BOOK</Sts><BookgDt><Dt>2021-08-23+02:00</Dt></BookgDt><ValDt><Dt>2021-08-23+02:00</Dt></ValDt><BkTxCd><Prtry><Cd>555</Cd></Prtry></BkTxCd><NtryDtls><TxDtls><Refs><ChqNb>************6579</ChqNb></Refs><Amt Ccy="CZK">198</Amt><CdtDbtInd>DBIT</CdtDbtInd><RltdPties><Cdtr><Nm>U Provaznice</Nm><PstlAdr><TwnNm>Praha 1</TwnNm></PstlAdr></Cdtr></RltdPties></TxDtls></NtryDtls></Ntry><Ntry><Amt Ccy="CZK">70</Amt><CdtDbtInd>DBIT</CdtDbtInd><Sts>BOOK</Sts><BookgDt><Dt>2021-08-23+02:00</Dt></BookgDt><ValDt><Dt>2021-08-23+02:00</Dt></ValDt><BkTxCd><Prtry><Cd>555</Cd></Prtry></BkTxCd><NtryDtls><TxDtls><Refs><ChqNb>************6579</ChqNb></Refs><Amt Ccy="CZK">70</Amt><CdtDbtInd>DBIT</CdtDbtInd><RltdPties><Cdtr><Nm>Cukrarna U Itala</Nm><PstlAdr><TwnNm>Praha 1</TwnNm></PstlAdr></Cdtr></RltdPties></TxDtls></NtryDtls></Ntry><Ntry><Amt Ccy="CZK">199</Amt><CdtDbtInd>DBIT</CdtDbtInd><Sts>BOOK</Sts><BookgDt><Dt>2021-08-23+02:00</Dt></BookgDt><ValDt><Dt>2021-08-23+02:00</Dt></ValDt><BkTxCd><Prtry><Cd>555</Cd></Prtry></BkTxCd><NtryDtls><TxDtls><Refs><ChqNb>************6579</ChqNb></Refs><Amt Ccy="CZK">199</Amt><CdtDbtInd>DBIT</CdtDbtInd><RltdPties><Cdtr><Nm>HAPPY BEAN</Nm><PstlAdr><TwnNm>PRAHA 3</TwnNm></PstlAdr></Cdtr></RltdPties></TxDtls></NtryDtls></Ntry><Ntry><Amt Ccy="CZK">49.9</Amt><CdtDbtInd>DBIT</CdtDbtInd><Sts>BOOK</Sts><BookgDt><Dt>2021-08-23+02:00</Dt></BookgDt><ValDt><Dt>2021-08-23+02:00</Dt></ValDt><BkTxCd><Prtry><Cd>555</Cd></Prtry></BkTxCd><NtryDtls><TxDtls><Refs><ChqNb>************6579</ChqNb></Refs><Amt Ccy="CZK">49.9</Amt><CdtDbtInd>DBIT</CdtDbtInd><RltdPties><Cdtr><Nm>ALBERT VAM DEKUJE</Nm><PstlAdr><TwnNm>PRAHA 3</TwnNm></PstlAdr></Cdtr></RltdPties></TxDtls></NtryDtls></Ntry><Ntry><Amt Ccy="CZK">78</Amt><CdtDbtInd>DBIT</CdtDbtInd><Sts>BOOK</Sts><BookgDt><Dt>2021-08-23+02:00</Dt></BookgDt><ValDt><Dt>2021-08-23+02:00</Dt></ValDt><BkTxCd><Prtry><Cd>555</Cd></Prtry></BkTxCd><NtryDtls><TxDtls><Refs><ChqNb>************6579</ChqNb></Refs><Amt Ccy="CZK">78</Amt><CdtDbtInd>DBIT</CdtDbtInd><RltdPties><Cdtr><Nm>SLADOVNA</Nm><PstlAdr><TwnNm>PRAHA 2</TwnNm></PstlAdr></Cdtr></RltdPties></TxDtls></NtryDtls></Ntry><Ntry><Amt Ccy="CZK">5000</Amt><CdtDbtInd>DBIT</CdtDbtInd><Sts>BOOK</Sts><BookgDt><Dt>2021-08-23+02:00</Dt></BookgDt><ValDt><Dt>2021-08-23+02:00</Dt></ValDt><BkTxCd><Prtry><Cd>555</Cd></Prtry></BkTxCd><NtryDtls><TxDtls><Refs><ChqNb>************6579</ChqNb></Refs><Amt Ccy="CZK">5000</Amt><CdtDbtInd>DBIT</CdtDbtInd><RltdPties><Cdtr><Nm>MMB1967 VINOHRADSKA FL</Nm><PstlAdr><TwnNm>Praha 3</TwnNm></PstlAdr></Cdtr><CdtrAcct><Id><Othr><Id>1011071271</Id></Othr></Id><Nm>NOSTRO - CARD TRANSA</Nm></CdtrAcct></RltdPties><RltdAgts><CdtrAgt><FinInstnId><Nm>Equa bank a.s.</Nm><Othr><Id>6100</Id></Othr></FinInstnId></CdtrAgt></RltdAgts></TxDtls></NtryDtls></Ntry><Ntry><Amt Ccy="CZK">550</Amt><CdtDbtInd>DBIT</CdtDbtInd><Sts>BOOK</Sts><BookgDt><Dt>2021-08-23+02:00</Dt></BookgDt><ValDt><Dt>2021-08-23+02:00</Dt></ValDt><BkTxCd><Prtry><Cd>555</Cd></Prtry></BkTxCd><NtryDtls><TxDtls><Refs><ChqNb>************6579</ChqNb></Refs><Amt Ccy="CZK">550</Amt><CdtDbtInd>DBIT</CdtDbtInd><RltdPties><Cdtr><Nm>NARODNI 38 - KAVARNA</Nm><PstlAdr><TwnNm>PRAHA 1</TwnNm></PstlAdr></Cdtr></RltdPties></TxDtls></NtryDtls></Ntry><Ntry><Amt Ccy="CZK">14000</Amt><CdtDbtInd>DBIT</CdtDbtInd><Sts>BOOK</Sts><BookgDt><Dt>2021-08-23+02:00</Dt></BookgDt><ValDt><Dt>2021-08-23+02:00</Dt></ValDt><BkTxCd><Prtry><Cd>550</Cd></Prtry></BkTxCd><NtryDtls><TxDtls><Amt Ccy="CZK">14000</Amt><CdtDbtInd>DBIT</CdtDbtInd><RltdPties><CdtrAcct><Id><Othr><Id>27-1352660277</Id></Othr></Id></CdtrAcct></RltdPties><RltdAgts><CdtrAgt><FinInstnId><Nm>Komerční banka, a.s.</Nm><Othr><Id>0100</Id></Othr></FinInstnId></CdtrAgt></RltdAgts><RmtInf><Ustrd>najemne + zaloha (pisecka)</Ustrd></RmtInf></TxDtls></NtryDtls></Ntry><Ntry><Amt Ccy="CZK">1270</Amt><CdtDbtInd>DBIT</CdtDbtInd><Sts>BOOK</Sts><BookgDt><Dt>2021-08-23+02:00</Dt></BookgDt><ValDt><Dt>2021-08-23+02:00</Dt></ValDt><BkTxCd><Prtry><Cd>550</Cd></Prtry></BkTxCd><NtryDtls><TxDtls><Refs><EndToEndId>VS21490641</EndToEndId></Refs><Amt Ccy="CZK">1270</Amt><CdtDbtInd>DBIT</CdtDbtInd><RltdPties><CdtrAcct><Id><Othr><Id>19-2784000277</Id></Othr></Id></CdtrAcct></RltdPties><RltdAgts><CdtrAgt><FinInstnId><Nm>Komerční banka, a.s.</Nm><Othr><Id>0100</Id></Othr></FinInstnId></CdtrAgt></RltdAgts></TxDtls></NtryDtls></Ntry><Ntry><Amt Ccy="CZK">349.5</Amt><CdtDbtInd>DBIT</CdtDbtInd><Sts>BOOK</Sts><BookgDt><Dt>2021-08-23+02:00</Dt></BookgDt><ValDt><Dt>2021-08-23+02:00</Dt></ValDt><BkTxCd><Prtry><Cd>550</Cd></Prtry></BkTxCd><NtryDtls><TxDtls><Refs><EndToEndId>VS9257849168</EndToEndId></Refs><Amt Ccy="CZK">349.5</Amt><CdtDbtInd>DBIT</CdtDbtInd><RltdPties><CdtrAcct><Id><Othr><Id>19-2235210247</Id></Othr></Id></CdtrAcct></RltdPties><RltdAgts><CdtrAgt><FinInstnId><Nm>Česká spořitelna, a.s.</Nm><Othr><Id>0800</Id></Othr></FinInstnId></CdtrAgt></RltdAgts></TxDtls></NtryDtls></Ntry><Ntry><Amt Ccy="CZK">328</Amt><CdtDbtInd>DBIT</CdtDbtInd><Sts>BOOK</Sts><BookgDt><Dt>2021-08-24+02:00</Dt></BookgDt><ValDt><Dt>2021-08-24+02:00</Dt></ValDt><BkTxCd><Prtry><Cd>555</Cd></Prtry></BkTxCd><NtryDtls><TxDtls><Refs><ChqNb>************6579</ChqNb></Refs><Amt Ccy="CZK">328</Amt><CdtDbtInd>DBIT</CdtDbtInd><RltdPties><Cdtr><Nm>VAPRIO</Nm><PstlAdr><TwnNm>PRAHA 3</TwnNm></PstlAdr></Cdtr></RltdPties></TxDtls></NtryDtls></Ntry><Ntry><Amt Ccy="CZK">500</Amt><CdtDbtInd>DBIT</CdtDbtInd><Sts>BOOK</Sts><BookgDt><Dt>2021-08-31+02:00</Dt></BookgDt><ValDt><Dt>2021-08-31+02:00</Dt></ValDt><BkTxCd><Prtry><Cd>555</Cd></Prtry></BkTxCd><NtryDtls><TxDtls><Refs><ChqNb>************6579</ChqNb></Refs><Amt Ccy="CZK">500</Amt><CdtDbtInd>DBIT</CdtDbtInd><RltdPties><Cdtr><Nm>Revolut- - 5966</Nm><PstlAdr><TwnNm>internet</TwnNm></PstlAdr></Cdtr></RltdPties></TxDtls></NtryDtls></Ntry><Ntry><Amt Ccy="CZK">3.92</Amt><CdtDbtInd>CRDT</CdtDbtInd><Sts>BOOK</Sts><BookgDt><Dt>2021-08-31+02:00</Dt></BookgDt><ValDt><Dt>2021-09-01+02:00</Dt></ValDt><BkTxCd><Prtry><Cd>901</Cd></Prtry></BkTxCd><NtryDtls><TxDtls><Amt Ccy="CZK">3.92</Amt><CdtDbtInd>CRDT</CdtDbtInd></TxDtls></NtryDtls></Ntry><Ntry><Amt Ccy="CZK">0.59</Amt><CdtDbtInd>DBIT</CdtDbtInd><Sts>BOOK</Sts><BookgDt><Dt>2021-08-31+02:00</Dt></BookgDt><ValDt><Dt>2021-09-01+02:00</Dt></ValDt><BkTxCd><Prtry><Cd>904</Cd></Prtry></BkTxCd><NtryDtls><TxDtls><Amt Ccy="CZK">0.59</Amt><CdtDbtInd>DBIT</CdtDbtInd></TxDtls></NtryDtls></Ntry></Stmt></BkToCstmrStmt></Document>